Part_ID,Part_Name,Category,Brand,Competitor_Brand,Price,Cost,Competitor_Price,Units_Sold,Region,Date,Currency,Revenue,Profit,Gross_Margin_%,Competitiveness_Index,Price_diff,Price_pct_diff,Margin,Revenue_calc
2000,Oil Filter,Engine,Kia,Toyota,262.32,167.72,268.94,269,EU,2024-01-31,GBP,70564.08,25447.4,36.06282403171699,102.5236352546508,-6.6200000000000045,-2.4615155796832022,94.6,70564.08
2000,Oil Filter,Engine,Toyota,Kia,236.07,165.48,232.14,416,UK,2024-01-31,GBP,98205.12,29365.44,29.90214766806456,98.33523954759181,3.930000000000007,1.6929439131558575,70.59,98205.12
2000,Oil Filter,Engine,Hyundai,Nissan,233.65,166.75,247.0,462,EU,2024-01-31,GBP,107946.3,30907.8,28.63257008345816,105.7136742991654,-13.349999999999994,-5.40485829959514,66.9,107946.3
2000,Oil Filter,Engine,Nissan,Hyundai,240.46,168.18,249.5,499,EU,2024-01-31,GBP,119989.54,36067.72,30.05905348082841,103.75946103302,-9.039999999999992,-3.623246492985969,72.28,119989.54000000001
2000,Oil Filter,Engine,Kia,Toyota,266.31,170.12,264.76,304,UK,2024-04-30,GBP,80958.24,29241.76,36.11955991138147,99.41797153693064,1.5500000000000114,0.5854358664450866,96.19,80958.24
2000,Oil Filter,Engine,Toyota,Kia,237.65,169.05,253.95,326,EU,2024-04-30,GBP,77473.90000000001,22363.6,28.8659793814433,106.8588260046286,-16.299999999999983,-6.418586335892885,68.6,77473.90000000001
2000,Oil Filter,Engine,Hyundai,Nissan,237.59,169.56,232.26,256,UK,2024-04-30,GBP,60823.04,17415.68,28.63335998989857,97.75663958920829,5.3300000000000125,2.294841987427888,68.03,60823.04
2000,Oil Filter,Engine,Nissan,Hyundai,227.71,162.94,210.33,343,UK,2024-04-30,GBP,78104.53,22216.11,28.44407360238901,92.367484958939,17.379999999999995,8.263205439071932,64.77000000000001,78104.53
2000,Oil Filter,Engine,Kia,Toyota,231.06,173.2,212.15,190,EU,2024-07-31,GBP,43901.4,10993.4,25.04111486194063,91.81597853371419,18.909999999999997,8.913504595804852,57.860000000000014,43901.4
2000,Oil Filter,Engine,Toyota,Kia,262.39,168.44,287.77,317,EU,2024-07-31,GBP,83177.62999999999,29782.15,35.80548039178322,109.6726247189298,-25.379999999999995,-8.81954338534246,93.94999999999999,83177.62999999999
2000,Oil Filter,Engine,Hyundai,Nissan,226.59,167.8,244.95,314,UK,2024-07-31,GBP,71149.26,18460.06,25.94554040337173,108.1027406328611,-18.359999999999985,-7.4954072259644775,58.78999999999999,71149.26
2000,Oil Filter,Engine,Nissan,Hyundai,232.33,163.13,237.93,177,EU,2024-07-31,GBP,41122.41,12248.4,29.78521930013344,102.4103645676409,-5.599999999999994,-2.3536334215945844,69.20000000000002,41122.41
2000,Oil Filter,Engine,Kia,Toyota,224.56,172.97,233.18,461,UK,2024-10-31,GBP,103522.16,23782.99,22.97381546134663,103.8386177413609,-8.620000000000005,-3.696714984132432,51.59,103522.16
2000,Oil Filter,Engine,Toyota,Kia,245.8,172.17,227.31,259,UK,2024-10-31,GBP,63662.2,19070.17000000001,29.9552481692433,92.47762408462165,18.49000000000001,8.13426598037922,73.63000000000002,63662.200000000004
2000,Oil Filter,Engine,Hyundai,Nissan,262.83,167.43,269.61,448,EU,2024-10-31,GBP,117747.84,42739.19999999999,36.29722634402464,102.5796141992923,-6.78000000000003,-2.5147435184155,95.39999999999998,117747.84
2000,Oil Filter,Engine,Nissan,Hyundai,260.98,165.54,244.94,416,UK,2024-10-31,GBP,108567.68,39703.04000000001,36.56985209594606,93.85393516744578,16.04000000000002,6.54854250020414,95.44000000000003,108567.68000000001
2000,Oil Filter,Engine,Kia,Toyota,254.02,166.87,262.08,101,UK,2025-01-31,GBP,25656.02,8802.150000000001,34.30832217935595,103.1729785056295,-8.059999999999974,-3.0753968253968154,87.15,25656.02
2000,Oil Filter,Engine,Toyota,Kia,252.7,175.37,235.83,180,EU,2025-01-31,GBP,45486.0,13919.4,30.60150375939849,93.32409972299169,16.869999999999976,7.153457999406341,77.32999999999998,45486.0
2000,Oil Filter,Engine,Hyundai,Nissan,271.44,160.77,291.81,483,UK,2025-01-31,GBP,131105.52,53453.60999999999,40.77144120247569,107.5044208664898,-20.370000000000005,-6.980569548678936,110.66999999999999,131105.52
2000,Oil Filter,Engine,Nissan,Hyundai,236.68,163.57,248.44,192,EU,2025-01-31,GBP,45442.56,14037.12,30.88980902484367,104.9687341558222,-11.759999999999991,-4.733537272580901,73.11000000000001,45442.56
2000,Oil Filter,Engine,Kia,Toyota,260.93,161.57,286.34,365,EU,2025-04-30,GBP,95239.45,36266.4,38.07917832368835,109.7382439734795,-25.409999999999968,-8.874065795906953,99.36000000000001,95239.45
2000,Oil Filter,Engine,Toyota,Kia,239.06,172.53,242.84,223,UK,2025-04-30,GBP,53310.38,14836.19,27.82983351459885,101.5811930059399,-3.780000000000001,-1.5565804645033772,66.53,53310.38
2000,Oil Filter,Engine,Hyundai,Nissan,252.22,172.51,237.64,494,UK,2025-04-30,GBP,124596.68,39376.74000000001,31.60336214415986,94.2193323289192,14.580000000000013,6.135330752398592,79.71000000000001,124596.68
2000,Oil Filter,Engine,Nissan,Hyundai,230.34,165.4,242.39,147,EU,2025-04-30,GBP,33859.98,9546.18,28.19310584353564,105.2313970652079,-12.049999999999983,-4.971327199966988,64.94,33859.98
2000,Oil Filter,Engine,Kia,Toyota,239.45,173.07,235.82,276,UK,2025-07-31,GBP,66088.2,18320.88,27.72186260179578,98.4840258926707,3.6299999999999955,1.5393096429480093,66.38,66088.2
2000,Oil Filter,Engine,Toyota,Kia,234.19,168.86,235.24,354,EU,2025-07-31,GBP,82903.26,23126.82,27.89615269652845,100.4483539006789,-1.0500000000000114,-0.4463526611120606,65.32999999999998,82903.26
2000,Oil Filter,Engine,Hyundai,Nissan,266.73,165.57,250.48,76,UK,2025-07-31,GBP,20271.48,7688.160000000002,37.92599257676302,93.90769692198103,16.25000000000003,6.487543915681902,101.16000000000003,20271.480000000003
2000,Oil Filter,Engine,Nissan,Hyundai,265.85,175.19,254.13,210,UK,2025-07-31,GBP,55828.50000000001,19038.60000000001,34.10193718262178,95.59149896558209,11.720000000000027,4.6118128516900905,90.66000000000003,55828.50000000001
2000,Oil Filter,Engine,Kia,Toyota,271.44,171.72,269.49,446,EU,2025-10-31,GBP,121062.24,44475.12,36.73740053050398,99.2816091954023,1.9499999999999886,0.7235890014471738,99.72,121062.24
2000,Oil Filter,Engine,Toyota,Kia,261.76,162.48,263.91,258,UK,2025-10-31,GBP,67534.08,25614.24,37.92787286063569,100.8213630806846,-2.150000000000034,-0.8146716683718063,99.28,67534.08
2000,Oil Filter,Engine,Hyundai,Nissan,263.33,173.64,285.57,158,UK,2025-10-31,GBP,41606.14,14171.02,34.0599248091748,108.445676527551,-22.24000000000001,-7.787932906117592,89.69,41606.14
2000,Oil Filter,Engine,Nissan,Hyundai,259.57,163.52,249.16,227,EU,2025-10-31,GBP,58922.39,21803.34999999999,37.00350579805062,95.98952113110144,10.409999999999997,4.178038208380156,96.04999999999998,58922.39
2001,Air Filter,Engine,Kia,Toyota,215.87,134.05,224.34,248,UK,2024-01-31,GBP,53535.76,20291.36,37.90244128410617,103.9236577569834,-8.469999999999999,-3.7755193010608887,81.82,53535.76
2001,Air Filter,Engine,Toyota,Kia,185.6,134.05,198.31,130,EU,2024-01-31,GBP,24128.0,6701.499999999998,27.77478448275861,106.8480603448276,-12.710000000000008,-6.4091573798598205,51.54999999999998,24128.0
2001,Air Filter,Engine,Hyundai,Nissan,180.8,127.15,180.33,195,EU,2024-01-31,GBP,35256.0,10461.75,29.67367256637169,99.74004424778761,0.46999999999999886,0.2606332834248316,53.650000000000006,35256.0
2001,Air Filter,Engine,Nissan,Hyundai,206.96,132.1,223.74,111,UK,2024-01-31,GBP,22972.56,8309.460000000001,36.17124081948203,108.1078469269424,-16.78,-7.4997765263252,74.86000000000001,22972.56
2001,Air Filter,Engine,Kia,Toyota,203.17,125.62,205.09,332,UK,2024-04-30,GBP,67452.44,25746.59999999999,38.17000541418516,100.9450214106413,-1.920000000000016,-0.9361743624750187,77.54999999999998,67452.44
2001,Air Filter,Engine,Toyota,Kia,197.21,134.0,184.83,261,UK,2024-04-30,GBP,51471.81,16497.81,32.0521271740784,93.72242786876933,12.379999999999995,6.698046853865712,63.21000000000001,51471.810000000005
2001,Air Filter,Engine,Hyundai,Nissan,197.88,125.89,188.16,428,UK,2024-04-30,GBP,84692.64,30811.72,36.38063472811805,95.0879320800485,9.719999999999999,5.165816326530612,71.99,84692.64
2001,Air Filter,Engine,Nissan,Hyundai,218.9,122.9,212.32,379,UK,2024-04-30,GBP,82963.1,36384.0,43.85564184559159,96.99406121516674,6.5800000000000125,3.099095704596841,96.0,82963.1
2001,Air Filter,Engine,Kia,Toyota,192.23,122.0,176.33,166,UK,2024-07-31,GBP,31910.18,11658.18,36.53435988139208,91.72865837798471,15.899999999999977,9.017183689672759,70.22999999999999,31910.179999999997
2001,Air Filter,Engine,Toyota,Kia,213.75,132.96,215.87,277,UK,2024-07-31,GBP,59208.75,22378.83,37.79649122807017,100.9918128654971,-2.1200000000000045,-0.9820725436605384,80.78999999999999,59208.75
2001,Air Filter,Engine,Hyundai,Nissan,194.83,123.03,192.11,473,EU,2024-07-31,GBP,92154.59000000001,33961.40000000001,36.85264076374276,98.60391110198636,2.719999999999999,1.4158554994534376,71.80000000000001,92154.59000000001
2001,Air Filter,Engine,Nissan,Hyundai,185.14,131.01,191.92,367,UK,2024-07-31,GBP,67946.37999999999,19865.71,29.23733390947391,103.6620935508264,-6.780000000000001,-3.532721967486453,54.129999999999995,67946.37999999999
2001,Air Filter,Engine,Kia,Toyota,179.94,133.91,171.37,389,UK,2024-10-31,GBP,69996.66,17905.67,25.58074913860175,95.23730132266311,8.569999999999993,5.000875299060508,46.03,69996.66
2001,Air Filter,Engine,Toyota,Kia,199.29,131.67,207.89,89,EU,2024-10-31,GBP,17736.81,6018.18,33.9304531085353,104.3153193838125,-8.599999999999994,-4.136803117033043,67.62,17736.809999999998
2001,Air Filter,Engine,Hyundai,Nissan,209.14,127.49,193.61,193,EU,2024-10-31,GBP,40364.02,15758.45,39.04083389117338,92.57435210863537,15.529999999999973,8.021279892567518,81.64999999999999,40364.02
2001,Air Filter,Engine,Nissan,Hyundai,193.35,126.85,209.83,363,UK,2024-10-31,GBP,70186.05,24139.5,34.39358675976209,108.5234031549004,-16.480000000000018,-7.853977029023504,66.5,70186.05
2001,Air Filter,Engine,Kia,Toyota,194.7,127.18,197.22,341,UK,2025-01-31,GBP,66392.7,23024.31999999999,34.67899332306111,101.2942989214176,-2.5200000000000102,-1.2777608761788917,67.51999999999998,66392.7
2001,Air Filter,Engine,Toyota,Kia,197.73,122.89,188.1,161,UK,2025-01-31,GBP,31834.53,12049.24,37.84959287917867,95.12972234865727,9.629999999999995,5.11961722488038,74.83999999999999,31834.53
2001,Air Filter,Engine,Hyundai,Nissan,189.91,134.41,200.66,476,EU,2025-01-31,GBP,90397.16,26418.0,29.22436943815492,105.6605760623453,-10.75,-5.35732084122396,55.5,90397.16
2001,Air Filter,Engine,Nissan,Hyundai,194.03,132.0,175.97,335,UK,2025-01-31,GBP,65000.05,20780.05,31.96928310055146,90.69216100602999,18.060000000000002,10.263113030630223,62.03,65000.05
2001,Air Filter,Engine,Kia,Toyota,186.37,127.6,168.89,285,UK,2025-04-30,GBP,53115.45,16749.45,31.53404517894511,90.62080806996833,17.480000000000018,10.34993190834272,58.77000000000001,53115.450000000004
2001,Air Filter,Engine,Toyota,Kia,183.5,122.83,199.14,338,UK,2025-04-30,GBP,62023.0,20506.46,33.06267029972752,108.5231607629428,-15.639999999999986,-7.853771216229783,60.67,62023.0
2001,Air Filter,Engine,Hyundai,Nissan,198.85,129.76,198.58,300,UK,2025-04-30,GBP,59655.0,20727.0,34.74478249937139,99.86421926074932,0.2699999999999818,0.13596535401348664,69.09,59655.0
2001,Air Filter,Engine,Nissan,Hyundai,179.55,128.13,194.86,370,UK,2025-04-30,GBP,66433.5,19025.40000000001,28.63826232247286,108.526872737399,-15.310000000000002,-7.856922919018783,51.420000000000016,66433.5
2001,Air Filter,Engine,Kia,Toyota,217.53,133.66,234.55,410,EU,2025-07-31,GBP,89187.3,34386.7,38.55560152622627,107.824208155197,-17.02000000000001,-7.256448518439569,83.87,89187.3
2001,Air Filter,Engine,Toyota,Kia,207.14,133.92,196.24,135,EU,2025-07-31,GBP,27963.9,9884.7,35.34807376653471,94.73785845322006,10.899999999999977,5.554423155320005,73.22,27963.899999999998
2001,Air Filter,Engine,Hyundai,Nissan,201.15,126.26,200.02,189,UK,2025-07-31,GBP,38017.35,14154.21,37.23092219736515,99.4382301764852,1.1299999999999955,0.5649435056494327,74.89,38017.35
2001,Air Filter,Engine,Nissan,Hyundai,206.1,129.64,192.07,425,EU,2025-07-31,GBP,87592.5,32495.5,37.09849587578846,93.19262493934983,14.030000000000001,7.304628520851773,76.46000000000001,87592.5
2001,Air Filter,Engine,Kia,Toyota,201.22,122.99,209.34,217,EU,2025-10-31,GBP,43664.74,16975.91,38.87784514461784,104.0353841566445,-8.120000000000005,-3.8788573612305357,78.23,43664.74
2001,Air Filter,Engine,Toyota,Kia,182.21,126.63,177.35,484,UK,2025-10-31,GBP,88189.64,26900.72,30.5032654629274,97.33274792821469,4.860000000000014,2.7403439526360382,55.58000000000001,88189.64
2001,Air Filter,Engine,Hyundai,Nissan,215.22,124.53,209.54,111,EU,2025-10-31,GBP,23889.42,10066.59,42.13827711179258,97.3608400706254,5.680000000000007,2.7106996277560405,90.69,23889.42
2001,Air Filter,Engine,Nissan,Hyundai,198.21,130.6,180.04,328,EU,2025-10-31,GBP,65012.88,22176.08000000001,34.11028706926997,90.83295494677361,18.170000000000016,10.092201732948244,67.61000000000001,65012.880000000005
2002,Fuel Pump,Engine,Kia,Toyota,185.3,140.22,189.53,387,EU,2024-01-31,GBP,71711.1,17445.96000000001,24.32811656772801,102.2827846735024,-4.22999999999999,-2.231836648551675,45.08000000000001,71711.1
2002,Fuel Pump,Engine,Toyota,Kia,169.83,129.89,164.43,113,UK,2024-01-31,GBP,19190.79,4513.220000000003,23.51763528234118,96.82034976152623,5.400000000000006,3.2840722495894945,39.940000000000026,19190.79
2002,Fuel Pump,Engine,Hyundai,Nissan,167.55,132.48,163.69,165,EU,2024-01-31,GBP,27645.75,5786.550000000004,20.93106535362579,97.69621008654133,3.8600000000000136,2.3581159508827745,35.07000000000002,27645.750000000004
2002,Fuel Pump,Engine,Nissan,Hyundai,175.04,127.62,180.44,223,EU,2024-01-31,GBP,39033.92,10574.66,27.09095063985374,103.0850091407678,-5.400000000000006,-2.9926845488805176,47.41999999999999,39033.92
2002,Fuel Pump,Engine,Kia,Toyota,190.59,134.28,185.39,155,UK,2024-04-30,GBP,29541.45,8728.050000000001,29.54509680465922,97.27163020095492,5.200000000000017,2.804897783051954,56.31,29541.45
2002,Fuel Pump,Engine,Toyota,Kia,169.15,128.54,174.46,67,UK,2024-04-30,GBP,11333.05,2720.870000000001,24.00827667750518,103.139225539462,-5.310000000000002,-3.043677633841569,40.610000000000014,11333.050000000001
2002,Fuel Pump,Engine,Hyundai,Nissan,178.26,135.16,191.53,220,EU,2024-04-30,GBP,39217.2,9481.999999999998,24.1781667227645,107.4441826545495,-13.27000000000001,-6.928418524513136,43.099999999999994,39217.2
2002,Fuel Pump,Engine,Nissan,Hyundai,183.33,133.71,183.98,133,EU,2024-04-30,GBP,24382.89,6599.460000000001,27.06594665357552,100.3545519009436,-0.6499999999999773,-0.35329927165995073,49.620000000000005,24382.890000000003
2002,Fuel Pump,Engine,Kia,Toyota,163.48,140.2,168.13,114,UK,2024-07-31,GBP,18636.72,2653.92,14.24027403963788,102.844384634206,-4.650000000000006,-2.7657170046987485,23.28,18636.719999999998
2002,Fuel Pump,Engine,Toyota,Kia,162.79,127.44,151.76,239,EU,2024-07-31,GBP,38906.81,8448.649999999998,21.71509306468456,93.22439953314085,11.030000000000001,7.268054823405379,35.349999999999994,38906.81
2002,Fuel Pump,Engine,Hyundai,Nissan,163.52,133.13,169.65,316,UK,2024-07-31,GBP,51672.32,9603.240000000005,18.58488258317026,103.7487769080235,-6.1299999999999955,-3.6133215443560243,30.390000000000015,51672.32
2002,Fuel Pump,Engine,Nissan,Hyundai,167.81,136.72,181.46,86,EU,2024-07-31,GBP,14431.66,2673.74,18.52690542875872,108.1341993921697,-13.650000000000006,-7.522318968367688,31.090000000000003,14431.66
2002,Fuel Pump,Engine,Kia,Toyota,169.77,137.68,179.14,406,EU,2024-10-31,GBP,68926.62000000001,13028.54,18.90204394180362,105.519231901985,-9.369999999999976,-5.230545941721545,32.09,68926.62000000001
2002,Fuel Pump,Engine,Toyota,Kia,169.21,136.35,175.95,477,UK,2024-10-31,GBP,80713.17,15674.22000000001,19.41965604869689,103.9832161219786,-6.739999999999981,-3.8306337027564545,32.860000000000014,80713.17
2002,Fuel Pump,Engine,Hyundai,Nissan,194.91,130.87,204.87,261,UK,2024-10-31,GBP,50871.51,16714.44,32.85619003642707,105.1100507926735,-9.960000000000008,-4.861619563625718,64.03999999999999,50871.51
2002,Fuel Pump,Engine,Nissan,Hyundai,193.71,133.0,209.01,478,UK,2024-10-31,GBP,92593.38,29019.38,31.34066387899437,107.8984048319653,-15.299999999999983,-7.32022391273144,60.71000000000001,92593.38
2002,Fuel Pump,Engine,Kia,Toyota,172.92,137.41,186.0,452,UK,2025-01-31,GBP,78159.84,16050.52,20.5355077492482,107.5641915336572,-13.080000000000013,-7.032258064516136,35.50999999999999,78159.84
2002,Fuel Pump,Engine,Toyota,Kia,195.86,127.7,183.82,397,EU,2025-01-31,GBP,77756.42,27059.52,34.80036760951701,93.85275196568978,12.04000000000002,6.549885757806562,68.16000000000001,77756.42
2002,Fuel Pump,Engine,Hyundai,Nissan,169.68,137.13,153.85,283,UK,2025-01-31,GBP,48019.44,9211.650000000003,19.18316831683169,90.67067421027816,15.830000000000013,10.289242768930785,32.55000000000001,48019.44
2002,Fuel Pump,Engine,Nissan,Hyundai,174.67,128.65,180.36,406,EU,2025-01-31,GBP,70916.01999999999,18684.11999999999,26.34682544226255,103.2575714203928,-5.690000000000026,-3.154801508094936,46.01999999999998,70916.01999999999
2002,Fuel Pump,Engine,Kia,Toyota,175.76,140.11,175.16,179,UK,2025-04-30,GBP,31461.04,6381.349999999996,20.28334091943558,99.65862539827037,0.5999999999999943,0.34254395980817215,35.64999999999998,31461.039999999997
2002,Fuel Pump,Engine,Toyota,Kia,195.61,134.8,211.08,375,EU,2025-04-30,GBP,73353.75,22803.75,31.08736772148663,107.9085936301825,-15.469999999999999,-7.328974796285767,60.81,73353.75
2002,Fuel Pump,Engine,Hyundai,Nissan,167.01,128.32,166.65,274,UK,2025-04-30,GBP,45760.74,10601.06,23.16627746841506,99.78444404526677,0.3599999999999852,0.21602160216020716,38.69,45760.74
2002,Fuel Pump,Engine,Nissan,Hyundai,198.07,139.46,200.6,333,UK,2025-04-30,GBP,65957.31,19517.12999999999,29.59054879588024,101.2773261978088,-2.530000000000001,-1.261216350947159,58.609999999999985,65957.31
2002,Fuel Pump,Engine,Kia,Toyota,169.09,131.78,162.46,448,EU,2025-07-31,GBP,75752.32,16714.88,22.06517239339997,96.07901117747946,6.6299999999999955,4.0810045549673735,37.31,75752.32
2002,Fuel Pump,Engine,Toyota,Kia,194.86,134.08,191.23,175,EU,2025-07-31,GBP,34100.5,10636.5,31.19162475623524,98.13712408908958,3.630000000000024,1.8982377242064654,60.78,34100.5
2002,Fuel Pump,Engine,Hyundai,Nissan,181.27,138.43,197.61,72,UK,2025-07-31,GBP,13051.44,3084.48,23.63325426159872,109.0141777459039,-16.340000000000003,-8.268812307069481,42.84,13051.44
2002,Fuel Pump,Engine,Nissan,Hyundai,190.84,132.32,189.52,390,UK,2025-07-31,GBP,74427.6,22822.8,30.66443093691051,99.30832110668624,1.3199999999999932,0.696496411988177,58.52000000000001,74427.6
2002,Fuel Pump,Engine,Kia,Toyota,182.99,136.1,198.05,163,EU,2025-10-31,GBP,29827.37,7643.070000000002,25.62435105743484,108.2299579211979,-15.060000000000002,-7.604140368593789,46.890000000000015,29827.370000000003
2002,Fuel Pump,Engine,Toyota,Kia,176.63,138.2,176.2,298,EU,2025-10-31,GBP,52635.74,11452.14,21.75734586423598,99.7565532469003,0.4300000000000068,0.24404086265607652,38.43000000000001,52635.74
2002,Fuel Pump,Engine,Hyundai,Nissan,173.07,135.14,190.38,463,UK,2025-10-31,GBP,80131.41,17561.59,21.91598775062114,110.0017334026694,-17.310000000000002,-9.092341632524427,37.93000000000001,80131.41
2002,Fuel Pump,Engine,Nissan,Hyundai,191.56,127.43,208.02,441,UK,2025-10-31,GBP,84477.96,28281.33,33.47776153685529,108.5926080601378,-16.460000000000008,-7.912700701855595,64.13,84477.96
2003,Spark Plug,Engine,Kia,Toyota,36.96,24.33,37.16,461,EU,2024-01-31,GBP,17038.56,5822.430000000001,34.17207792207792,100.5411255411255,-0.19999999999999574,-0.5382131324004191,12.630000000000003,17038.56
2003,Spark Plug,Engine,Toyota,Kia,35.59,25.47,34.37,107,EU,2024-01-31,GBP,3808.130000000001,1082.840000000001,28.43495363866256,96.57207080640627,1.220000000000006,3.549607215595013,10.120000000000005,3808.1300000000006
2003,Spark Plug,Engine,Hyundai,Nissan,36.39,23.98,35.93,323,UK,2024-01-31,GBP,11753.97,4008.43,34.10277548777137,98.73591646056609,0.46000000000000085,1.2802671861953823,12.41,11753.97
2003,Spark Plug,Engine,Nissan,Hyundai,35.16,25.69,36.65,379,UK,2024-01-31,GBP,13325.64,3589.129999999998,26.93401592718998,104.2377701934016,-1.490000000000002,-4.065484311050483,9.469999999999995,13325.64
2003,Spark Plug,Engine,Kia,Toyota,35.66,25.23,34.0,391,EU,2024-04-30,GBP,13943.06,4078.129999999998,29.24845765563656,95.34492428491308,1.6599999999999966,4.88235294117646,10.429999999999996,13943.06
2003,Spark Plug,Engine,Toyota,Kia,34.88,25.9,34.72,102,EU,2024-04-30,GBP,3557.76,915.9600000000004,25.74541284403671,99.54128440366972,0.1600000000000037,0.46082949308756826,8.980000000000004,3557.76
2003,Spark Plug,Engine,Hyundai,Nissan,38.23,25.56,34.67,52,UK,2024-04-30,GBP,1987.96,658.8399999999999,33.14151190164792,90.6879414072718,3.559999999999995,10.268243438130934,12.669999999999998,1987.9599999999998
2003,Spark Plug,Engine,Nissan,Hyundai,33.72,24.39,36.04,317,UK,2024-04-30,GBP,10689.24,2957.61,27.66903914590747,106.8801897983393,-2.3200000000000003,-6.437291897891233,9.329999999999998,10689.24
2003,Spark Plug,Engine,Kia,Toyota,37.36,25.8,35.24,227,UK,2024-07-31,GBP,8480.72,2624.12,30.94218415417559,94.3254817987152,2.1199999999999974,6.015891032917132,11.559999999999999,8480.72
2003,Spark Plug,Engine,Toyota,Kia,35.64,25.23,35.21,408,UK,2024-07-31,GBP,14541.12,4247.28,29.20875420875421,98.79349046015713,0.4299999999999997,1.2212439647827313,10.41,14541.12
2003,Spark Plug,Engine,Hyundai,Nissan,37.43,25.01,40.43,247,UK,2024-07-31,GBP,9245.21,3067.739999999999,33.18193962062516,108.0149612610206,-3.0,-7.4202325006183525,12.419999999999998,9245.21
2003,Spark Plug,Engine,Nissan,Hyundai,38.49,24.38,39.1,254,UK,2024-07-31,GBP,9776.460000000001,3583.940000000001,36.65887243439855,101.5848272278514,-0.6099999999999994,-1.5601023017902798,14.110000000000003,9776.460000000001
2003,Spark Plug,Engine,Kia,Toyota,39.78,25.79,43.71,438,EU,2024-10-31,GBP,17423.64,6127.620000000001,35.16842634489694,109.8793363499246,-3.9299999999999997,-8.991077556623198,13.990000000000002,17423.64
2003,Spark Plug,Engine,Toyota,Kia,39.09,24.73,42.79,457,EU,2024-10-31,GBP,17864.13,6562.520000000001,36.73573804041955,109.4653364031722,-3.6999999999999957,-8.646880112175733,14.360000000000003,17864.13
2003,Spark Plug,Engine,Hyundai,Nissan,37.57,26.1,36.63,295,UK,2024-10-31,GBP,11083.15,3383.65,30.52967793452222,97.49800372637743,0.9399999999999977,2.56620256620256,11.469999999999999,11083.15
2003,Spark Plug,Engine,Nissan,Hyundai,36.0,25.39,38.38,96,UK,2024-10-31,GBP,3456.0,1018.56,29.47222222222222,106.6111111111111,-2.3800000000000026,-6.201146430432523,10.61,3456.0
2003,Spark Plug,Engine,Kia,Toyota,33.4,26.3,36.46,346,EU,2025-01-31,GBP,11556.4,2456.599999999999,21.25748502994011,109.1616766467066,-3.0600000000000023,-8.392759188151405,7.099999999999998,11556.4
2003,Spark Plug,Engine,Toyota,Kia,34.51,23.91,37.41,366,UK,2025-01-31,GBP,12630.66,3879.599999999999,30.71573456968994,108.4033613445378,-2.8999999999999986,-7.751937984496121,10.599999999999998,12630.66
2003,Spark Plug,Engine,Hyundai,Nissan,34.19,24.91,36.14,56,UK,2025-01-31,GBP,1914.64,519.6799999999998,27.14243930973969,105.703422053232,-1.9500000000000028,-5.395683453237418,9.279999999999998,1914.6399999999999
2003,Spark Plug,Engine,Nissan,Hyundai,38.34,26.05,40.35,314,UK,2025-01-31,GBP,12038.76,3859.060000000001,32.05529473135108,105.2425665101721,-2.009999999999998,-4.9814126394052,12.290000000000003,12038.76
2003,Spark Plug,Engine,Kia,Toyota,35.35,24.72,35.01,372,UK,2025-04-30,GBP,13150.2,3954.360000000001,30.07072135785008,99.03818953323903,0.3400000000000034,0.9711510996858139,10.630000000000003,13150.2
2003,Spark Plug,Engine,Toyota,Kia,34.01,25.28,33.71,235,EU,2025-04-30,GBP,7992.349999999999,2051.549999999999,25.66892090561599,99.1179064980888,0.29999999999999716,0.8899436369029876,8.729999999999997,7992.349999999999
2003,Spark Plug,Engine,Hyundai,Nissan,38.36,24.31,40.21,131,EU,2025-04-30,GBP,5025.16,1840.55,36.62669447340981,104.822732012513,-1.8500000000000014,-4.600845560805773,14.05,5025.16
2003,Spark Plug,Engine,Nissan,Hyundai,34.52,26.3,31.57,432,UK,2025-04-30,GBP,14912.64,3551.040000000001,23.81228273464659,91.45422943221321,2.950000000000003,9.344314222363012,8.220000000000002,14912.640000000001
2003,Spark Plug,Engine,Kia,Toyota,34.7,24.26,37.56,79,EU,2025-07-31,GBP,2741.3,824.7600000000001,30.0864553314121,108.2420749279539,-2.8599999999999994,-7.614483493077741,10.440000000000001,2741.3
2003,Spark Plug,Engine,Toyota,Kia,34.94,24.2,38.37,256,EU,2025-07-31,GBP,8944.64,2749.44,30.73840870062965,109.8168288494562,-3.4299999999999997,-8.939275475632003,10.739999999999998,8944.64
2003,Spark Plug,Engine,Hyundai,Nissan,33.55,24.97,36.09,118,EU,2025-07-31,GBP,3958.9,1012.44,25.57377049180328,107.5707898658719,-2.5400000000000063,-7.03796065392077,8.579999999999998,3958.8999999999996
2003,Spark Plug,Engine,Nissan,Hyundai,35.12,25.43,35.41,289,EU,2025-07-31,GBP,10149.68,2800.409999999999,27.59111617312072,100.8257403189066,-0.28999999999999915,-0.8189776899180999,9.689999999999998,10149.679999999998
2003,Spark Plug,Engine,Kia,Toyota,37.81,25.98,38.57,212,UK,2025-10-31,GBP,8015.72,2507.96,31.28801904258133,102.0100502512563,-0.759999999999998,-1.9704433497536895,11.830000000000002,8015.72
2003,Spark Plug,Engine,Toyota,Kia,34.71,23.95,38.15,402,EU,2025-10-31,GBP,13953.42,4325.52,30.99971189858831,109.910688562374,-3.4399999999999977,-9.01703800786369,10.760000000000002,13953.42
2003,Spark Plug,Engine,Hyundai,Nissan,37.22,24.33,33.91,393,UK,2025-10-31,GBP,14627.46,5065.77,34.631918323482,91.10693175711982,3.3100000000000023,9.761132409318792,12.89,14627.46
2003,Spark Plug,Engine,Nissan,Hyundai,38.79,23.9,36.18,387,UK,2025-10-31,GBP,15011.73,5762.43,38.38618200567156,93.27146171693735,2.6099999999999994,7.213930348258706,14.89,15011.73
2004,Timing Belt,Engine,Kia,Toyota,66.24,45.72,69.28,487,UK,2024-01-31,GBP,32258.88,9993.239999999998,30.97826086956522,104.5893719806763,-3.0400000000000063,-4.38799076212472,20.519999999999996,32258.879999999997
2004,Timing Belt,Engine,Toyota,Kia,63.77,48.73,64.82,224,UK,2024-01-31,GBP,14284.48,3368.960000000001,23.58475772306728,101.6465422612514,-1.04999999999999,-1.6198704103671555,15.040000000000006,14284.480000000001
2004,Timing Belt,Engine,Hyundai,Nissan,64.46,46.33,70.52,334,UK,2024-01-31,GBP,21529.64,6055.419999999998,28.12596959354638,109.4011790257524,-6.060000000000002,-8.593306863301194,18.129999999999995,21529.64
2004,Timing Belt,Engine,Nissan,Hyundai,61.02,49.46,61.22,496,UK,2024-01-31,GBP,30265.92,5733.760000000001,18.9446083251393,100.3277613897083,-0.19999999999999574,-0.3266906239790849,11.560000000000002,30265.920000000002
2004,Timing Belt,Engine,Kia,Toyota,63.45,47.41,62.68,406,EU,2024-04-30,GBP,25760.7,6512.240000000003,25.27974783293933,98.78644602048857,0.7700000000000031,1.2284620293554613,16.040000000000006,25760.7
2004,Timing Belt,Engine,Toyota,Kia,60.64,47.93,60.48,487,UK,2024-04-30,GBP,29531.68,6189.77,20.95976253298153,99.73614775725594,0.1600000000000037,0.2645502645502707,12.71,29531.68
2004,Timing Belt,Engine,Hyundai,Nissan,63.65,50.04,65.03,60,EU,2024-04-30,GBP,3819.0,816.5999999999999,21.38256087981147,102.1681068342498,-1.3800000000000026,-2.1220974934645587,13.61,3819.0
2004,Timing Belt,Engine,Nissan,Hyundai,61.97,50.26,58.11,208,EU,2024-04-30,GBP,12889.76,2435.68,18.89624011618525,93.77117960303373,3.8599999999999994,6.642574427809326,11.71,12889.76
2004,Timing Belt,Engine,Kia,Toyota,63.92,48.81,61.25,393,EU,2024-07-31,GBP,25120.56,5938.23,23.63892365456821,95.82290362953691,2.6700000000000017,4.35918367346939,15.11,25120.56
2004,Timing Belt,Engine,Toyota,Kia,63.65,48.2,67.55,420,EU,2024-07-31,GBP,26733.0,6488.999999999998,24.27336999214453,106.127258444619,-3.8999999999999986,-5.773501110288673,15.449999999999996,26733.0
2004,Timing Belt,Engine,Hyundai,Nissan,66.43,47.69,69.23,52,EU,2024-07-31,GBP,3454.360000000001,974.4800000000005,28.21014601836521,104.2149631190727,-2.799999999999997,-4.044489383215365,18.74000000000001,3454.3600000000006
2004,Timing Belt,Engine,Nissan,Hyundai,68.79,47.39,67.91,339,EU,2024-07-31,GBP,23319.81,7254.600000000002,31.10917284489025,98.72074429422881,0.8800000000000097,1.2958327197761887,21.400000000000006,23319.81
2004,Timing Belt,Engine,Kia,Toyota,70.42,47.58,67.04,458,EU,2024-10-31,GBP,32252.36,10460.72,32.43396762283442,95.2002272081795,3.3799999999999955,5.041766109785196,22.840000000000003,32252.36
2004,Timing Belt,Engine,Toyota,Kia,68.84,46.67,75.05,129,EU,2024-10-31,GBP,8880.36,2859.93,32.20511330621731,109.020918070889,-6.209999999999994,-8.274483677548293,22.17,8880.36
2004,Timing Belt,Engine,Hyundai,Nissan,67.49,46.26,73.08,195,EU,2024-10-31,GBP,13160.55,4139.849999999999,31.45651207586309,108.2827085494147,-5.590000000000003,-7.649151614668861,21.229999999999997,13160.55
2004,Timing Belt,Engine,Nissan,Hyundai,68.36,49.99,64.63,486,UK,2024-10-31,GBP,33222.96,8927.819999999998,26.8724400234055,94.5435927442949,3.730000000000004,5.771313631440514,18.369999999999997,33222.96
2004,Timing Belt,Engine,Kia,Toyota,67.36,50.18,71.67,413,EU,2025-01-31,GBP,27819.68,7095.34,25.50475059382423,106.3984560570071,-4.310000000000002,-6.013673782614766,17.18,27819.68
2004,Timing Belt,Engine,Toyota,Kia,70.23,48.93,67.02,194,UK,2025-01-31,GBP,13624.62,4132.200000000001,30.32891926527125,95.42930371636051,3.210000000000008,4.7896150402864945,21.300000000000004,13624.62
2004,Timing Belt,Engine,Hyundai,Nissan,68.15,47.87,68.28,395,UK,2025-01-31,GBP,26919.25,8010.600000000003,29.75788701393985,100.1907556859868,-0.12999999999999545,-0.19039250146455103,20.28000000000001,26919.250000000004
2004,Timing Belt,Engine,Nissan,Hyundai,60.04,49.99,62.69,316,EU,2025-01-31,GBP,18972.64,3175.799999999999,16.73884077281812,104.4137241838774,-2.6499999999999986,-4.2271494656245,10.049999999999997,18972.64
2004,Timing Belt,Engine,Kia,Toyota,59.6,45.97,55.05,300,UK,2025-04-30,GBP,17880.0,4089.000000000001,22.86912751677853,92.36577181208054,4.550000000000004,8.265213442325168,13.630000000000003,17880.0
2004,Timing Belt,Engine,Toyota,Kia,62.99,48.08,65.6,299,UK,2025-04-30,GBP,18834.01,4458.090000000001,23.67042387680585,104.143514843626,-2.6099999999999923,-3.9786585365853546,14.910000000000004,18834.010000000002
2004,Timing Belt,Engine,Hyundai,Nissan,61.15,46.59,59.7,457,UK,2025-04-30,GBP,27945.55,6653.919999999997,23.8103025347506,97.62878168438267,1.4499999999999957,2.4288107202679994,14.559999999999995,27945.55
2004,Timing Belt,Engine,Nissan,Hyundai,62.13,46.22,67.14,452,UK,2025-04-30,GBP,28082.76,7191.320000000002,25.6075969740866,108.0637373249638,-5.009999999999998,-7.4620196604110784,15.910000000000004,28082.760000000002
2004,Timing Belt,Engine,Kia,Toyota,66.47,46.84,63.42,474,EU,2025-07-31,GBP,31506.78,9304.619999999997,29.53211975327214,95.41146381826388,3.049999999999997,4.8092084515925535,19.629999999999995,31506.78
2004,Timing Belt,Engine,Toyota,Kia,61.12,47.17,66.42,238,UK,2025-07-31,GBP,14546.56,3320.099999999999,22.82395287958115,108.6714659685864,-5.300000000000004,-7.979524239686847,13.949999999999996,14546.56
2004,Timing Belt,Engine,Hyundai,Nissan,63.56,46.75,64.75,230,UK,2025-07-31,GBP,14618.8,3866.300000000001,26.44745122718691,101.8722466960352,-1.1899999999999977,-1.8378378378378344,16.810000000000002,14618.800000000001
2004,Timing Belt,Engine,Nissan,Hyundai,68.65,47.66,64.73,169,EU,2025-07-31,GBP,11601.85,3547.310000000001,30.57538237436272,94.28987618353969,3.9200000000000017,6.055924609918124,20.99000000000001,11601.85
2004,Timing Belt,Engine,Kia,Toyota,71.47,49.42,67.67,54,EU,2025-10-31,GBP,3859.38,1190.7,30.85210577864838,94.6830838113894,3.799999999999997,5.615486921826507,22.049999999999997,3859.38
2004,Timing Belt,Engine,Toyota,Kia,70.81,49.27,67.91,411,UK,2025-10-31,GBP,29102.91,8852.94,30.41943228357577,95.9045332580144,2.9000000000000057,4.270357826535129,21.54,29102.91
2004,Timing Belt,Engine,Hyundai,Nissan,63.33,50.22,57.84,180,EU,2025-10-31,GBP,11399.4,2359.8,20.70108953102795,91.33112269066794,5.489999999999995,9.49170124481327,13.11,11399.4
2004,Timing Belt,Engine,Nissan,Hyundai,63.82,48.69,64.47,197,UK,2025-10-31,GBP,12572.54,2980.610000000001,23.7073017862739,101.0184895017236,-0.6499999999999986,-1.008220877927716,15.130000000000003,12572.54
2005,Brake Pad Set,Brakes,Kia,Toyota,223.59,152.18,234.54,419,UK,2024-01-31,GBP,93684.21,29920.79,31.93792208953888,104.8973567690863,-10.949999999999989,-4.668713225888969,71.41,93684.21
2005,Brake Pad Set,Brakes,Toyota,Kia,231.14,148.89,222.46,441,EU,2024-01-31,GBP,101932.74,36272.25,35.58449424591157,96.24470018170807,8.679999999999978,3.9018250471994866,82.25,101932.73999999999
2005,Brake Pad Set,Brakes,Hyundai,Nissan,216.49,151.78,208.11,199,UK,2024-01-31,GBP,43081.51,12877.29,29.89052612129891,96.1291514619613,8.379999999999995,4.026716640238333,64.71000000000001,43081.51
2005,Brake Pad Set,Brakes,Nissan,Hyundai,246.32,155.55,256.14,189,UK,2024-01-31,GBP,46554.48,17155.53,36.85043845404351,103.9866839883079,-9.819999999999993,-3.8338408682751597,90.76999999999998,46554.479999999996
2005,Brake Pad Set,Brakes,Kia,Toyota,249.32,152.36,224.82,454,EU,2024-04-30,GBP,113191.28,44019.83999999999,38.88978020214984,90.17327129793037,24.5,10.897606974468465,96.95999999999998,113191.28
2005,Brake Pad Set,Brakes,Toyota,Kia,236.82,151.9,213.2,194,UK,2024-04-30,GBP,45943.08,16474.48,35.85845790051516,90.0261802212651,23.620000000000005,11.07879924953096,84.91999999999999,45943.08
2005,Brake Pad Set,Brakes,Hyundai,Nissan,247.95,157.55,245.0,96,UK,2024-04-30,GBP,23803.2,8678.399999999998,36.45896350070579,98.81024400080662,2.9499999999999886,1.2040816326530566,90.39999999999998,23803.199999999997
2005,Brake Pad Set,Brakes,Nissan,Hyundai,223.41,153.52,224.04,416,UK,2024-04-30,GBP,92938.56,29074.23999999999,31.28329081061724,100.2819927487579,-0.6299999999999955,-0.2811997857525422,69.88999999999999,92938.56
2005,Brake Pad Set,Brakes,Kia,Toyota,240.21,147.21,263.74,494,UK,2024-07-31,GBP,118663.74,45942.0,38.71612339203197,109.7955955205861,-23.53,-8.921665276408584,93.0,118663.74
2005,Brake Pad Set,Brakes,Toyota,Kia,240.47,146.97,259.79,359,EU,2024-07-31,GBP,86328.73,33566.5,38.8821890464507,108.0342662286356,-19.32000000000002,-7.436775857423311,93.5,86328.73
2005,Brake Pad Set,Brakes,Hyundai,Nissan,253.06,155.74,271.16,492,EU,2024-07-31,GBP,124505.52,47881.44,38.45728285782027,107.1524539634869,-18.100000000000023,-6.675025815016972,97.32,124505.52
2005,Brake Pad Set,Brakes,Nissan,Hyundai,238.65,149.46,259.52,351,EU,2024-07-31,GBP,83766.15000000001,31305.69,37.37272155876807,108.7450240938613,-20.869999999999976,-8.04176942046855,89.19,83766.15000000001
2005,Brake Pad Set,Brakes,Kia,Toyota,218.49,145.62,220.18,97,UK,2024-10-31,GBP,21193.53,7068.39,33.35164080735961,100.77349077761,-1.6899999999999977,-0.7675538196021426,72.87,21193.530000000002
2005,Brake Pad Set,Brakes,Toyota,Kia,242.23,147.71,260.0,160,EU,2024-10-31,GBP,38756.8,15123.2,39.02076538826734,107.3360029723816,-17.77000000000001,-6.834615384615389,94.51999999999998,38756.799999999996
2005,Brake Pad Set,Brakes,Hyundai,Nissan,210.03,158.51,194.92,173,UK,2024-10-31,GBP,36335.19,8912.960000000001,24.52982907203733,92.80578964909773,15.110000000000014,7.751898214652172,51.52000000000001,36335.19
2005,Brake Pad Set,Brakes,Nissan,Hyundai,244.83,151.46,246.7,135,EU,2024-10-31,GBP,33052.05,12604.95,38.13666625821999,100.7637952865253,-1.8699999999999761,-0.7580056749087865,93.37,33052.05
2005,Brake Pad Set,Brakes,Kia,Toyota,224.54,143.72,207.58,249,EU,2025-01-31,GBP,55910.46,20124.18,35.99358688875034,92.44678008372674,16.95999999999998,8.170343963772993,80.82,55910.46
2005,Brake Pad Set,Brakes,Toyota,Kia,222.42,146.19,210.38,482,UK,2025-01-31,GBP,107206.44,36742.85999999999,34.27299703264094,94.58681773221834,12.039999999999992,5.722977469341188,76.22999999999999,107206.43999999999
2005,Brake Pad Set,Brakes,Hyundai,Nissan,253.62,144.89,241.69,290,UK,2025-01-31,GBP,73549.8,31531.7,42.87122466682439,95.29611229398313,11.930000000000007,4.936075137572927,108.73000000000002,73549.8
2005,Brake Pad Set,Brakes,Nissan,Hyundai,242.39,149.67,219.53,87,EU,2025-01-31,GBP,21087.93,8066.64,38.25240315194522,90.56891785964768,22.859999999999985,10.41315537739716,92.72,21087.93
2005,Brake Pad Set,Brakes,Kia,Toyota,232.34,144.34,211.06,437,EU,2025-04-30,GBP,101532.58,38456.0,37.87552724455539,90.84100886631661,21.28,10.082441012034494,88.0,101532.58
2005,Brake Pad Set,Brakes,Toyota,Kia,214.84,146.91,228.73,342,EU,2025-04-30,GBP,73475.28,23232.06,31.6188791658909,106.4652764848259,-13.889999999999986,-6.072662090674589,67.93,73475.28
2005,Brake Pad Set,Brakes,Hyundai,Nissan,234.79,157.06,222.37,53,EU,2025-04-30,GBP,12443.87,4119.69,33.10617999062992,94.71016653179437,12.419999999999987,5.585285784953001,77.72999999999999,12443.869999999999
2005,Brake Pad Set,Brakes,Nissan,Hyundai,227.85,156.27,213.53,300,EU,2025-04-30,GBP,68355.0,21474.0,31.41540487162606,93.71516348474874,14.319999999999993,6.706317613450096,71.57999999999998,68355.0
2005,Brake Pad Set,Brakes,Kia,Toyota,231.54,157.62,226.87,449,UK,2025-07-31,GBP,103961.46,33190.07999999999,31.92536926664939,97.98306987993436,4.6699999999999875,2.058447569092426,73.91999999999999,103961.45999999999
2005,Brake Pad Set,Brakes,Toyota,Kia,220.96,153.68,228.2,373,EU,2025-07-31,GBP,82418.08,25095.44,30.44895003620564,103.2766111513396,-7.239999999999981,-3.172655565293594,67.28,82418.08
2005,Brake Pad Set,Brakes,Hyundai,Nissan,248.79,145.09,271.0,244,UK,2025-07-31,GBP,60704.75999999999,25302.8,41.68173961975963,108.9272076851964,-22.210000000000008,-8.195571955719561,103.69999999999999,60704.759999999995
2005,Brake Pad Set,Brakes,Nissan,Hyundai,250.45,157.98,252.22,244,EU,2025-07-31,GBP,61109.8,22562.68,36.92154122579358,100.7067278897984,-1.7700000000000102,-0.7017682975180439,92.47,61109.799999999996
2005,Brake Pad Set,Brakes,Kia,Toyota,252.9,149.25,231.45,302,UK,2025-10-31,GBP,76375.8,31302.3,40.98457888493476,91.51838671411625,21.450000000000017,9.267660401814656,103.65,76375.8
2005,Brake Pad Set,Brakes,Toyota,Kia,225.86,156.83,231.49,178,UK,2025-10-31,GBP,40203.08,12287.34,30.56318073142655,102.4926945895688,-5.6299999999999955,-2.432070499805605,69.03,40203.08
2005,Brake Pad Set,Brakes,Hyundai,Nissan,236.51,156.57,234.2,377,EU,2025-10-31,GBP,89164.26999999999,30137.38,33.79983933026088,99.02329711217284,2.3100000000000023,0.986336464560206,79.94,89164.26999999999
2005,Brake Pad Set,Brakes,Nissan,Hyundai,254.15,156.56,231.52,259,UK,2025-10-31,GBP,65824.85,25275.81,38.39858351367303,91.09580956128272,22.629999999999995,9.774533517622665,97.59,65824.85
2006,Brake Disc,Brakes,Kia,Toyota,126.43,92.51,115.42,431,UK,2024-01-31,GBP,54491.33,14619.52,26.82907537767935,91.29162382345962,11.010000000000005,9.53907468376365,33.92,54491.33
2006,Brake Disc,Brakes,Toyota,Kia,143.43,94.29,150.51,64,EU,2024-01-31,GBP,9179.52,3144.96,34.2606149341142,104.9362058146831,-7.079999999999984,-4.704006378313723,49.14,9179.52
2006,Brake Disc,Brakes,Hyundai,Nissan,123.62,92.25,128.05,289,EU,2024-01-31,GBP,35726.18,9065.930000000002,25.3761527260961,103.5835625303349,-4.430000000000007,-3.459586099180013,31.370000000000005,35726.18
2006,Brake Disc,Brakes,Nissan,Hyundai,124.88,89.86,132.77,405,UK,2024-01-31,GBP,50576.4,14183.1,28.04292120435618,106.318065342729,-7.890000000000015,-5.942607516758314,35.019999999999996,50576.4
2006,Brake Disc,Brakes,Kia,Toyota,119.18,89.78,119.71,64,UK,2024-04-30,GBP,7627.52,1881.6,24.66856855177043,100.4447054874979,-0.5299999999999869,-0.44273661348257204,29.400000000000006,7627.52
2006,Brake Disc,Brakes,Toyota,Kia,119.39,91.42,108.52,69,EU,2024-04-30,GBP,8237.91,1929.93,23.42742273222213,90.89538487310494,10.870000000000005,10.016586804275713,27.97,8237.91
2006,Brake Disc,Brakes,Hyundai,Nissan,143.59,95.61,148.9,493,EU,2024-04-30,GBP,70789.87,23654.14,33.41458318824431,103.6980291106623,-5.310000000000002,-3.5661517797179325,47.980000000000004,70789.87
2006,Brake Disc,Brakes,Nissan,Hyundai,119.28,95.23,129.5,254,EU,2024-04-30,GBP,30297.12,6108.699999999999,20.16264252179745,108.5680751173709,-10.219999999999999,-7.89189189189189,24.049999999999997,30297.12
2006,Brake Disc,Brakes,Kia,Toyota,123.22,95.97,134.33,482,UK,2024-07-31,GBP,59392.04,13134.5,22.11491640967375,109.016393442623,-11.110000000000014,-8.270676691729333,27.25,59392.04
2006,Brake Disc,Brakes,Toyota,Kia,130.3,92.69,133.52,274,UK,2024-07-31,GBP,35702.2,10305.14,28.86415963161934,102.4712202609363,-3.219999999999999,-2.4116237267825036,37.610000000000014,35702.200000000004
2006,Brake Disc,Brakes,Hyundai,Nissan,132.89,89.6,131.24,80,UK,2024-07-31,GBP,10631.2,3463.199999999999,32.5758145834901,98.75837158552187,1.6499999999999773,1.2572386467540209,43.28999999999999,10631.199999999999
2006,Brake Disc,Brakes,Nissan,Hyundai,123.99,90.36,128.06,211,EU,2024-07-31,GBP,26161.89,7095.929999999999,27.12315509315267,103.2825227840955,-4.070000000000007,-3.1781977198188405,33.629999999999995,26161.89
2006,Brake Disc,Brakes,Kia,Toyota,139.81,90.49,147.83,435,EU,2024-10-31,GBP,60817.35,21454.2,35.27644660610829,105.7363564837994,-8.02000000000001,-5.425150510721782,49.32000000000001,60817.35
2006,Brake Disc,Brakes,Toyota,Kia,141.71,89.49,135.78,398,EU,2024-10-31,GBP,56400.58,20783.56,36.84990473502224,95.81539764307388,5.930000000000007,4.367358963028433,52.22000000000001,56400.58
2006,Brake Disc,Brakes,Hyundai,Nissan,137.45,94.74,138.25,372,UK,2024-10-31,GBP,51131.39999999999,15888.12,31.07311749727173,100.5820298290288,-0.8000000000000114,-0.5786618444846375,42.709999999999994,51131.399999999994
2006,Brake Disc,Brakes,Nissan,Hyundai,128.88,87.88,124.49,239,EU,2024-10-31,GBP,30802.32,9799.0,31.81253879577902,96.5937306021105,4.390000000000001,3.5263876616595717,41.0,30802.32
2006,Brake Disc,Brakes,Kia,Toyota,126.32,93.95,121.62,274,EU,2025-01-31,GBP,34611.68,8869.379999999997,25.62539582013932,96.27929069031033,4.699999999999989,3.8644959710573823,32.36999999999999,34611.68
2006,Brake Disc,Brakes,Toyota,Kia,130.69,90.41,131.43,442,UK,2025-01-31,GBP,57764.98,17803.76,30.82102685744892,100.5662254189303,-0.7400000000000091,-0.5630373582895907,40.28,57764.979999999996
2006,Brake Disc,Brakes,Hyundai,Nissan,136.69,89.34,145.49,467,UK,2025-01-31,GBP,63834.23,22112.45,34.64042724412904,106.4379252322774,-8.800000000000011,-6.04852567186749,47.349999999999994,63834.229999999996
2006,Brake Disc,Brakes,Nissan,Hyundai,129.38,93.51,120.3,198,UK,2025-01-31,GBP,25617.24,7102.259999999998,27.72453238522182,92.98191374246406,9.079999999999998,7.547797173732334,35.86999999999999,25617.239999999998
2006,Brake Disc,Brakes,Kia,Toyota,128.66,92.91,138.57,145,EU,2025-04-30,GBP,18655.7,5183.75,27.78641380382403,107.7024716306544,-9.909999999999997,-7.151620119795048,35.75,18655.7
2006,Brake Disc,Brakes,Toyota,Kia,124.01,88.41,121.04,328,UK,2025-04-30,GBP,40675.28,11676.8,28.70736230949117,97.60503185226997,2.969999999999999,2.453734302709847,35.60000000000001,40675.28
2006,Brake Disc,Brakes,Hyundai,Nissan,138.76,87.77,148.91,245,EU,2025-04-30,GBP,33996.2,12492.55,36.74690112424329,107.3147881233785,-10.150000000000006,-6.816197703310728,50.989999999999995,33996.2
2006,Brake Disc,Brakes,Nissan,Hyundai,138.15,91.33,131.26,419,UK,2025-04-30,GBP,57884.85000000001,19617.58,33.89069851610569,95.01266739051755,6.890000000000015,5.249123876276105,46.82000000000001,57884.850000000006
2006,Brake Disc,Brakes,Kia,Toyota,138.1,91.54,124.41,376,UK,2025-07-31,GBP,51925.6,17506.55999999999,33.71469949312092,90.08689355539464,13.689999999999998,11.003938590145484,46.55999999999999,51925.6
2006,Brake Disc,Brakes,Toyota,Kia,123.81,92.74,115.38,265,UK,2025-07-31,GBP,32809.65,8233.550000000001,25.09490348114046,93.19118003392293,8.430000000000007,7.306292251690073,31.070000000000007,32809.65
2006,Brake Disc,Brakes,Hyundai,Nissan,129.72,93.43,133.54,384,EU,2025-07-31,GBP,49812.48,13935.36,27.97563983965464,102.9448041936478,-3.819999999999993,-2.8605661225101042,36.28999999999999,49812.479999999996
2006,Brake Disc,Brakes,Nissan,Hyundai,119.64,90.06,111.67,468,UK,2025-07-31,GBP,55991.52,13843.44,24.72417251755266,93.33834837846874,7.969999999999999,7.137100385063132,29.58,55991.52
2006,Brake Disc,Brakes,Kia,Toyota,139.8,92.47,151.01,71,UK,2025-10-31,GBP,9925.800000000001,3360.430000000001,33.85550786838341,108.0185979971388,-11.20999999999998,-7.423349447056474,47.33000000000001,9925.800000000001
2006,Brake Disc,Brakes,Toyota,Kia,126.49,94.79,136.58,249,EU,2025-10-31,GBP,31496.01,7893.299999999997,25.06126966558621,107.9769151711598,-10.090000000000018,-7.3876116561722185,31.69999999999999,31496.01
2006,Brake Disc,Brakes,Hyundai,Nissan,133.07,89.07,144.21,425,UK,2025-10-31,GBP,56554.75,18700.0,33.06530397535132,108.371533779214,-11.140000000000015,-7.724845711115743,44.0,56554.75
2006,Brake Disc,Brakes,Nissan,Hyundai,135.52,93.79,141.23,51,EU,2025-10-31,GBP,6911.52,2128.23,30.79250295159386,104.2134002361275,-5.7099999999999795,-4.043050343411442,41.730000000000004,6911.52
2007,Brake Caliper,Brakes,Kia,Toyota,158.28,86.68,169.33,266,UK,2024-01-31,GBP,42102.48,19045.6,45.23629011877684,106.9812989638615,-11.050000000000011,-6.5257190102167435,71.6,42102.48
2007,Brake Caliper,Brakes,Toyota,Kia,151.96,91.54,144.72,111,UK,2024-01-31,GBP,16867.56,6706.62,39.76046327981047,95.23558831271387,7.240000000000009,5.002763957987845,60.42,16867.56
2007,Brake Caliper,Brakes,Hyundai,Nissan,154.87,90.48,149.08,339,UK,2024-01-31,GBP,52500.93,21828.21,41.57680635371602,96.26138051268806,5.789999999999992,3.8838207673732166,64.39,52500.93
2007,Brake Caliper,Brakes,Nissan,Hyundai,141.05,89.45,144.37,352,UK,2024-01-31,GBP,49649.60000000001,18163.2,36.58277206664304,102.3537752570011,-3.319999999999993,-2.299646741012671,51.60000000000001,49649.600000000006
2007,Brake Caliper,Brakes,Kia,Toyota,147.01,90.45,157.6,500,EU,2024-04-30,GBP,73505.0,28279.99999999999,38.47357322631113,107.2035915924087,-10.590000000000003,-6.719543147208125,56.55999999999999,73505.0
2007,Brake Caliper,Brakes,Toyota,Kia,142.78,90.29,143.38,57,EU,2024-04-30,GBP,8138.46,2991.93,36.76285194004762,100.4202269225382,-0.5999999999999943,-0.4184684056353706,52.489999999999995,8138.46
2007,Brake Caliper,Brakes,Hyundai,Nissan,130.24,92.39,130.09,442,UK,2024-04-30,GBP,57566.08,16729.7,29.06173218673219,99.88482800982801,0.15000000000000568,0.1153047889922405,37.85000000000001,57566.08
2007,Brake Caliper,Brakes,Nissan,Hyundai,153.18,90.41,157.96,72,EU,2024-04-30,GBP,11028.96,4519.440000000001,40.97793445619533,103.120511816164,-4.780000000000001,-3.0260825525449486,62.77000000000001,11028.960000000001
2007,Brake Caliper,Brakes,Kia,Toyota,150.24,89.78,159.33,280,EU,2024-07-31,GBP,42067.2,16928.8,40.24227902023429,106.0503194888179,-9.090000000000003,-5.70514027490115,60.46000000000001,42067.200000000004
2007,Brake Caliper,Brakes,Toyota,Kia,156.7,84.44,159.98,388,UK,2024-07-31,GBP,60799.6,28036.88,46.11359285258455,102.0931716656031,-3.280000000000001,-2.0502562820352552,72.25999999999999,60799.6
2007,Brake Caliper,Brakes,Hyundai,Nissan,151.77,86.91,162.7,238,UK,2024-07-31,GBP,36121.26,15436.68,42.73571852144693,107.2016867628649,-10.929999999999978,-6.717885679164093,64.86000000000001,36121.26
2007,Brake Caliper,Brakes,Nissan,Hyundai,130.39,90.79,142.96,236,EU,2024-07-31,GBP,30772.04,9345.599999999995,30.37042717999845,109.6403098397116,-12.570000000000022,-8.792669278119769,39.59999999999998,30772.039999999997
2007,Brake Caliper,Brakes,Kia,Toyota,134.58,85.66,138.67,105,UK,2024-10-31,GBP,14130.9,5136.600000000001,36.35012631891812,103.0390845593699,-4.089999999999975,-2.949448330568959,48.920000000000016,14130.900000000001
2007,Brake Caliper,Brakes,Toyota,Kia,147.26,89.81,154.19,104,EU,2024-10-31,GBP,15315.04,5974.799999999999,39.01263072117343,104.7059622436507,-6.930000000000007,-4.494454893313449,57.44999999999999,15315.039999999999
2007,Brake Caliper,Brakes,Hyundai,Nissan,135.89,86.13,132.38,189,EU,2024-10-31,GBP,25683.21,9404.639999999998,36.61785267495768,97.41702847891678,3.509999999999991,2.6514579241577207,49.75999999999999,25683.21
2007,Brake Caliper,Brakes,Nissan,Hyundai,144.08,85.25,140.5,297,EU,2024-10-31,GBP,42791.76,17472.51,40.83148250971683,97.51526929483619,3.5800000000000125,2.548042704626343,58.83000000000001,42791.76
2007,Brake Caliper,Brakes,Kia,Toyota,155.35,87.16,142.63,188,UK,2025-01-31,GBP,29205.8,12819.72,43.89443192790473,91.8120373350499,12.719999999999999,8.91817990605062,68.19,29205.8
2007,Brake Caliper,Brakes,Toyota,Kia,145.32,87.68,158.3,163,UK,2025-01-31,GBP,23687.16,9395.319999999998,39.66418937517203,108.9320121112029,-12.980000000000018,-8.199620972836398,57.639999999999986,23687.16
2007,Brake Caliper,Brakes,Hyundai,Nissan,155.11,86.7,147.3,92,EU,2025-01-31,GBP,14270.12,6293.720000000001,44.10418412739347,94.96486364515505,7.810000000000002,5.302104548540395,68.41000000000001,14270.12
2007,Brake Caliper,Brakes,Nissan,Hyundai,136.56,86.11,133.99,117,UK,2025-01-31,GBP,15977.52,5902.650000000001,36.94346807264207,98.11804335090804,2.569999999999993,1.9180535860885088,50.45,15977.52
2007,Brake Caliper,Brakes,Kia,Toyota,149.29,87.86,141.4,175,UK,2025-04-30,GBP,26125.75,10750.25,41.14810101145422,94.71498425882513,7.889999999999986,5.57991513437057,61.42999999999999,26125.75
2007,Brake Caliper,Brakes,Toyota,Kia,152.27,89.8,142.66,388,UK,2025-04-30,GBP,59080.76,24238.36,41.02580941748212,93.68884218821829,9.610000000000014,6.736296088602281,62.47000000000001,59080.76
2007,Brake Caliper,Brakes,Hyundai,Nissan,155.67,86.23,143.51,81,EU,2025-04-30,GBP,12609.27,5624.639999999999,44.60718185906083,92.18860409841331,12.159999999999997,8.473277123545396,69.43999999999998,12609.269999999999
2007,Brake Caliper,Brakes,Nissan,Hyundai,142.87,92.79,130.64,50,UK,2025-04-30,GBP,7143.5,2504.0,35.05284524392805,91.43977042066213,12.230000000000018,9.361604409063089,50.08,7143.5
2007,Brake Caliper,Brakes,Kia,Toyota,158.46,85.39,157.94,206,EU,2025-07-31,GBP,32642.76,15052.42,46.11258361731668,99.67184147418907,0.5200000000000102,0.3292389515005763,73.07000000000001,32642.760000000002
2007,Brake Caliper,Brakes,Toyota,Kia,140.71,84.54,148.19,195,UK,2025-07-31,GBP,27438.45,10953.15,39.91898230402956,105.3158979461303,-7.47999999999999,-5.047574060327951,56.17,27438.45
2007,Brake Caliper,Brakes,Hyundai,Nissan,148.12,89.11,137.72,410,EU,2025-07-31,GBP,60729.2,24194.1,39.83931947069944,92.97866594652984,10.400000000000006,7.551553877432476,59.010000000000005,60729.200000000004
2007,Brake Caliper,Brakes,Nissan,Hyundai,137.88,91.84,131.37,271,UK,2025-07-31,GBP,37365.48,12476.84,33.39135480127647,95.27850304612707,6.509999999999991,4.955469285224931,46.03999999999999,37365.479999999996
2007,Brake Caliper,Brakes,Kia,Toyota,150.67,90.59,148.36,427,EU,2025-10-31,GBP,64336.09,25654.15999999999,39.87522399946903,98.46684807858234,2.309999999999974,1.5570234564572483,60.079999999999984,64336.09
2007,Brake Caliper,Brakes,Toyota,Kia,131.69,90.57,133.64,74,EU,2025-10-31,GBP,9745.06,3042.88,31.22484622978207,101.4807502467917,-1.9499999999999886,-1.459143968871587,41.120000000000005,9745.06
2007,Brake Caliper,Brakes,Hyundai,Nissan,131.18,88.51,140.11,451,UK,2025-10-31,GBP,59162.18,19244.17,32.52782436347005,106.8074401585608,-8.930000000000007,-6.37356362857755,42.67,59162.18
2007,Brake Caliper,Brakes,Nissan,Hyundai,136.18,89.24,130.62,115,UK,2025-10-31,GBP,15660.7,5398.100000000001,34.46908503451315,95.9171684535174,5.560000000000002,4.256622263053133,46.94000000000001,15660.7
2008,Battery,Electrical,Kia,Toyota,144.13,100.61,154.01,432,EU,2024-01-31,GBP,62264.16,18800.64,30.19496288073267,106.854922639284,-9.879999999999995,-6.415167846243748,43.519999999999996,62264.159999999996
2008,Battery,Electrical,Toyota,Kia,170.69,103.04,183.0,212,EU,2024-01-31,GBP,36186.28,14341.8,39.63325326615501,107.2119046224149,-12.310000000000002,-6.726775956284155,67.64999999999999,36186.28
2008,Battery,Electrical,Hyundai,Nissan,142.93,105.72,140.79,187,UK,2024-01-31,GBP,26727.91,6958.270000000001,26.0337228013713,98.5027635905688,2.140000000000015,1.519994317778262,37.21000000000001,26727.91
2008,Battery,Electrical,Nissan,Hyundai,162.9,97.71,157.01,213,EU,2024-01-31,GBP,34697.7,13885.47,40.01841620626151,96.38428483732349,5.890000000000015,3.75135341697982,65.19000000000001,34697.700000000004
2008,Battery,Electrical,Kia,Toyota,153.88,102.13,154.86,337,EU,2024-04-30,GBP,51857.56,17439.75,33.63010137769691,100.636859890824,-0.9800000000000182,-0.6328296525894472,51.75,51857.56
2008,Battery,Electrical,Toyota,Kia,168.69,100.12,169.78,208,UK,2024-04-30,GBP,35087.52,14262.56,40.6485268836327,100.6461556701642,-1.0900000000000034,-0.642007303569327,68.57,35087.52
2008,Battery,Electrical,Hyundai,Nissan,170.81,105.1,181.73,357,EU,2024-04-30,GBP,60979.17,23458.47,38.46964463438909,106.3930683215268,-10.919999999999987,-6.008914323446865,65.71000000000001,60979.17
2008,Battery,Electrical,Nissan,Hyundai,158.04,99.17,165.43,235,UK,2024-04-30,GBP,37139.4,13834.45,37.25006327512022,104.6760313844596,-7.390000000000015,-4.46714622498943,58.86999999999999,37139.4
2008,Battery,Electrical,Kia,Toyota,167.4,106.6,163.72,495,EU,2024-07-31,GBP,82863.0,30096.00000000001,36.32019115890085,97.80167264038231,3.680000000000007,2.247740043977527,60.80000000000001,82863.0
2008,Battery,Electrical,Toyota,Kia,172.35,105.09,177.77,344,UK,2024-07-31,GBP,59288.4,23137.44,39.02523933855526,103.1447635625181,-5.420000000000016,-3.048883388648262,67.25999999999999,59288.4
2008,Battery,Electrical,Hyundai,Nissan,142.44,98.62,140.01,216,EU,2024-07-31,GBP,30767.04,9465.119999999999,30.76383038472339,98.29401853411962,2.430000000000007,1.7355903149775067,43.81999999999999,30767.04
2008,Battery,Electrical,Nissan,Hyundai,155.33,102.54,170.66,410,EU,2024-07-31,GBP,63685.3,21643.9,33.98570784780789,109.8693105002253,-15.329999999999984,-8.982772764561107,52.790000000000006,63685.3
2008,Battery,Electrical,Kia,Toyota,146.39,104.65,134.63,384,UK,2024-10-31,GBP,56213.75999999999,16028.15999999999,28.51287656260673,91.96666438964411,11.759999999999991,8.735051622966642,41.73999999999998,56213.759999999995
2008,Battery,Electrical,Toyota,Kia,152.12,97.28,162.89,423,UK,2024-10-31,GBP,64346.76,23197.32,36.05048645805942,107.0799368919274,-10.769999999999982,-6.611823930259673,54.84,64346.76
2008,Battery,Electrical,Hyundai,Nissan,164.93,104.94,169.45,71,UK,2024-10-31,GBP,11710.03,4259.290000000001,36.37300673012794,102.7405565997696,-4.519999999999982,-2.667453526113887,59.99000000000001,11710.03
2008,Battery,Electrical,Nissan,Hyundai,155.28,104.58,156.89,490,UK,2024-10-31,GBP,76087.2,24843.0,32.65069551777434,101.0368366821226,-1.6099999999999852,-1.026196698323657,50.7,76087.2
2008,Battery,Electrical,Kia,Toyota,168.61,101.36,160.75,401,UK,2025-01-31,GBP,67612.61,26967.25000000001,39.88494158116364,95.33835478322756,7.860000000000014,4.889580093312606,67.25000000000001,67612.61
2008,Battery,Electrical,Toyota,Kia,168.69,99.95,159.92,211,UK,2025-01-31,GBP,35593.59,14504.14,40.74930345604363,94.80111447033018,8.77000000000001,5.483991995998006,68.74,35593.59
2008,Battery,Electrical,Hyundai,Nissan,162.82,105.46,165.94,492,UK,2025-01-31,GBP,80107.44,28221.12,35.22908733570814,101.9162265078,-3.1200000000000045,-1.8801976618054748,57.36,80107.44
2008,Battery,Electrical,Nissan,Hyundai,161.94,99.4,168.39,114,UK,2025-01-31,GBP,18461.16,7129.559999999999,38.61924169445473,103.9829566506113,-6.449999999999989,-3.8303937288437493,62.53999999999999,18461.16
2008,Battery,Electrical,Kia,Toyota,167.02,97.94,175.0,323,UK,2025-04-30,GBP,53947.46000000001,22312.84,41.36031612980482,104.777870913663,-7.97999999999999,-4.559999999999994,69.08000000000001,53947.46000000001
2008,Battery,Electrical,Toyota,Kia,165.99,101.16,177.51,189,UK,2025-04-30,GBP,31372.11,12252.87,39.05656967287187,106.9401771191036,-11.519999999999982,-6.489775223931036,64.83000000000001,31372.11
2008,Battery,Electrical,Hyundai,Nissan,149.12,105.16,144.73,167,UK,2025-04-30,GBP,24903.04,7341.320000000002,29.47961373390558,97.05606223175964,4.390000000000015,3.0332342983486598,43.96000000000001,24903.04
2008,Battery,Electrical,Nissan,Hyundai,151.35,102.89,164.26,318,EU,2025-04-30,GBP,48129.3,15410.28,32.01850016518004,108.5298975883713,-12.909999999999997,-7.859491050773163,48.459999999999994,48129.299999999996
2008,Battery,Electrical,Kia,Toyota,161.23,105.04,161.84,331,UK,2025-07-31,GBP,53367.13,18598.89,34.85083421199528,100.3783414997209,-0.6100000000000136,-0.37691547207118986,56.18999999999998,53367.13
2008,Battery,Electrical,Toyota,Kia,162.17,101.88,166.33,72,EU,2025-07-31,GBP,11676.24,4340.879999999999,37.17703644323858,102.5652093482149,-4.160000000000025,-2.501052125293107,60.28999999999999,11676.24
2008,Battery,Electrical,Hyundai,Nissan,157.25,104.1,171.53,153,EU,2025-07-31,GBP,24059.25,8131.950000000001,33.79968203497616,109.0810810810811,-14.280000000000001,-8.325074331020813,53.150000000000006,24059.25
2008,Battery,Electrical,Nissan,Hyundai,170.99,99.72,180.29,475,EU,2025-07-31,GBP,81220.25,33853.25000000001,41.68080004678637,105.4389145564068,-9.299999999999983,-5.158355982028944,71.27000000000001,81220.25
2008,Battery,Electrical,Kia,Toyota,161.36,102.91,162.38,421,EU,2025-10-31,GBP,67932.56000000001,24607.45000000001,36.22335151214676,100.6321269211701,-1.0199999999999818,-0.6281561768690613,58.45000000000002,67932.56000000001
2008,Battery,Electrical,Toyota,Kia,147.49,105.23,161.02,197,EU,2025-10-31,GBP,29055.53,8325.220000000001,28.65279001966235,109.1735032883585,-13.530000000000001,-8.402682896534593,42.260000000000005,29055.530000000002
2008,Battery,Electrical,Hyundai,Nissan,169.45,105.71,175.65,328,EU,2025-10-31,GBP,55579.6,20906.72,37.61581587488935,103.6588964296253,-6.200000000000017,-3.529746655280397,63.739999999999995,55579.6
2008,Battery,Electrical,Nissan,Hyundai,156.24,104.29,143.88,95,UK,2025-10-31,GBP,14842.8,4935.25,33.25012800819253,92.08909370199692,12.360000000000014,8.59049207673062,51.95,14842.800000000001
2009,Alternator,Electrical,Kia,Toyota,155.86,128.52,168.17,414,UK,2024-01-31,GBP,64526.04000000001,11318.76,17.54138329269858,107.8981136917746,-12.309999999999974,-7.319973835999272,27.340000000000003,64526.04000000001
2009,Alternator,Electrical,Toyota,Kia,175.02,139.63,163.55,186,UK,2024-01-31,GBP,32553.72,6582.540000000003,20.22054622328877,93.44646326134156,11.469999999999999,7.01314582696423,35.390000000000015,32553.72
2009,Alternator,Electrical,Hyundai,Nissan,172.0,138.47,162.58,446,EU,2024-01-31,GBP,76712.0,14954.38,19.49418604651163,94.5232558139535,9.419999999999987,5.794070611391307,33.53,76712.0
2009,Alternator,Electrical,Nissan,Hyundai,164.98,127.91,161.5,407,EU,2024-01-31,GBP,67146.86,15087.49,22.46939022911868,97.89065341253486,3.4799999999999898,2.1547987616099005,37.06999999999999,67146.86
2009,Alternator,Electrical,Kia,Toyota,165.38,139.16,159.4,493,UK,2024-04-30,GBP,81532.34,12926.46,15.85439593663079,96.38408513725965,5.97999999999999,3.751568381430357,26.22,81532.34
2009,Alternator,Electrical,Toyota,Kia,169.85,130.6,174.02,92,EU,2024-04-30,GBP,15626.2,3611.0,23.10862525758022,102.455107447748,-4.170000000000016,-2.396276290081609,39.25,15626.199999999999
2009,Alternator,Electrical,Hyundai,Nissan,175.47,130.76,184.22,365,UK,2024-04-30,GBP,64046.55,16319.15,25.48013905510914,104.9866073972759,-8.75,-4.749755726848334,44.71000000000001,64046.55
2009,Alternator,Electrical,Nissan,Hyundai,166.0,135.88,176.57,457,UK,2024-04-30,GBP,75862.0,13764.84,18.14457831325301,106.3674698795181,-10.569999999999993,-5.9862943874950405,30.120000000000005,75862.0
2009,Alternator,Electrical,Kia,Toyota,154.75,128.54,150.66,198,EU,2024-07-31,GBP,30640.5,5189.580000000002,16.93699515347335,97.35702746365105,4.090000000000003,2.7147218903491326,26.210000000000008,30640.5
2009,Alternator,Electrical,Toyota,Kia,181.92,135.37,194.02,437,UK,2024-07-31,GBP,79499.04,20342.34999999999,25.5881706244503,106.65127528584,-12.100000000000023,-6.236470466962181,46.54999999999998,79499.04
2009,Alternator,Electrical,Hyundai,Nissan,159.16,138.97,159.38,56,EU,2024-07-31,GBP,8912.96,1130.64,12.68534807740638,100.1382256848454,-0.21999999999999886,-0.13803488518007206,20.189999999999998,8912.96
2009,Alternator,Electrical,Nissan,Hyundai,184.77,130.21,189.33,500,EU,2024-07-31,GBP,92385.0,27280.0,29.52860312821345,102.4679331060237,-4.560000000000002,-2.4084931072730162,54.56,92385.0
2009,Alternator,Electrical,Kia,Toyota,182.49,132.94,197.29,144,UK,2024-10-31,GBP,26278.56,7135.200000000002,27.15217272179298,108.1100334264891,-14.799999999999983,-7.501647321202283,49.55000000000001,26278.56
2009,Alternator,Electrical,Toyota,Kia,168.96,134.1,166.01,250,UK,2024-10-31,GBP,42240.0,8715.000000000004,20.63210227272728,98.25402462121211,2.950000000000017,1.7770013854587177,34.860000000000014,42240.0
2009,Alternator,Electrical,Hyundai,Nissan,181.68,127.48,187.9,273,EU,2024-10-31,GBP,49598.64,14796.6,29.83267283135183,103.4236019374725,-6.219999999999999,-3.3102714209685997,54.2,49598.64
2009,Alternator,Electrical,Nissan,Hyundai,185.94,140.59,186.59,346,EU,2024-10-31,GBP,64335.24,15691.1,24.38958803915241,100.3495751317629,-0.6500000000000057,-0.34835736105900944,45.349999999999994,64335.24
2009,Alternator,Electrical,Kia,Toyota,180.35,137.49,185.9,422,EU,2025-01-31,GBP,76107.7,18086.91999999999,23.7649015802606,103.0773495980039,-5.550000000000011,-2.985476062399145,42.859999999999985,76107.7
2009,Alternator,Electrical,Toyota,Kia,170.39,127.76,171.09,421,UK,2025-01-31,GBP,71734.18999999999,17947.22999999999,25.01907388931274,100.4108222313516,-0.700000000000017,-0.40914138757380153,42.62999999999998,71734.18999999999
2009,Alternator,Electrical,Hyundai,Nissan,181.99,129.19,191.82,497,UK,2025-01-31,GBP,90449.03,26241.60000000001,29.01258310896204,105.4013956810814,-9.829999999999984,-5.12459597539359,52.80000000000001,90449.03
2009,Alternator,Electrical,Nissan,Hyundai,167.5,129.04,156.06,343,UK,2025-01-31,GBP,57452.5,13191.78,22.96119402985075,93.17014925373135,11.439999999999998,7.330513904908368,38.46000000000001,57452.5
2009,Alternator,Electrical,Kia,Toyota,172.04,129.1,176.11,365,EU,2025-04-30,GBP,62794.6,15673.1,24.95931178795629,102.3657289002558,-4.070000000000022,-2.311055590256102,42.94,62794.6
2009,Alternator,Electrical,Toyota,Kia,176.38,130.55,185.28,59,UK,2025-04-30,GBP,10406.42,2703.969999999999,25.98367161809728,105.0459235741014,-8.900000000000006,-4.803540587219347,45.829999999999984,10406.42
2009,Alternator,Electrical,Hyundai,Nissan,183.53,137.44,199.72,336,UK,2025-04-30,GBP,61666.08,15486.24,25.11306053506239,108.8214460851087,-16.189999999999998,-8.10634888844382,46.09,61666.08
2009,Alternator,Electrical,Nissan,Hyundai,165.47,131.38,154.28,103,EU,2025-04-30,GBP,17043.41,3511.27,20.60192179851333,93.2374448540521,11.189999999999998,7.253046409126263,34.09,17043.41
2009,Alternator,Electrical,Kia,Toyota,169.57,136.6,158.28,230,UK,2025-07-31,GBP,39001.1,7583.099999999999,19.4432977531403,93.34198266202749,11.289999999999992,7.13292898660601,32.97,39001.1
2009,Alternator,Electrical,Toyota,Kia,166.53,139.17,164.97,169,UK,2025-07-31,GBP,28143.57,4623.840000000002,16.42947216717709,99.06323185011709,1.5600000000000023,0.9456264775413725,27.360000000000014,28143.57
2009,Alternator,Electrical,Hyundai,Nissan,174.69,132.28,185.99,152,UK,2025-07-31,GBP,26552.88,6446.32,24.27729120155704,106.4686015226974,-11.300000000000011,-6.075595462121625,42.41,26552.88
2009,Alternator,Electrical,Nissan,Hyundai,159.62,127.67,161.27,363,UK,2025-07-31,GBP,57942.06,11597.85,20.01628868562837,101.0337050494925,-1.6500000000000057,-1.023128914243198,31.950000000000003,57942.060000000005
2009,Alternator,Electrical,Kia,Toyota,173.25,137.96,190.28,412,EU,2025-10-31,GBP,71379.0,14539.48,20.36940836940837,109.8297258297258,-17.03,-8.949968467521547,35.28999999999999,71379.0
2009,Alternator,Electrical,Toyota,Kia,159.22,135.05,172.14,474,UK,2025-10-31,GBP,75470.28,11456.57999999999,15.18025373696771,108.1145584725537,-12.919999999999987,-7.505518763796903,24.169999999999987,75470.28
2009,Alternator,Electrical,Hyundai,Nissan,170.96,134.23,170.16,216,EU,2025-10-31,GBP,36927.36,7933.680000000004,21.48455779129622,99.53205428170332,0.8000000000000114,0.4701457451810128,36.73000000000002,36927.36
2009,Alternator,Electrical,Nissan,Hyundai,168.52,128.43,170.13,301,EU,2025-10-31,GBP,50724.52,12067.09,23.78946119154996,100.9553762164728,-1.6099999999999852,-0.9463351554693383,40.09,50724.520000000004
2010,Starter Motor,Electrical,Kia,Toyota,140.78,103.2,132.65,471,UK,2024-01-31,GBP,66307.38,17700.18,26.69413268930246,94.22503196476772,8.129999999999995,6.128910667169238,37.58,66307.38
2010,Starter Motor,Electrical,Toyota,Kia,134.79,98.44,147.79,163,EU,2024-01-31,GBP,21970.77,5925.049999999999,26.96787595518955,109.6446323911269,-13.0,-8.796264970566344,36.349999999999994,21970.77
2010,Starter Motor,Electrical,Hyundai,Nissan,129.29,96.14,126.14,252,UK,2024-01-31,GBP,32581.08,8353.799999999997,25.64003403202103,97.56361667569031,3.1499999999999915,2.4972253052164195,33.14999999999999,32581.079999999998
2010,Starter Motor,Electrical,Nissan,Hyundai,122.27,95.11,127.89,419,EU,2024-01-31,GBP,51231.13,11380.04,22.21313486546168,104.5963850494807,-5.6200000000000045,-4.394401438736418,27.159999999999997,51231.13
2010,Starter Motor,Electrical,Kia,Toyota,117.99,97.9,119.32,431,EU,2024-04-30,GBP,50853.69,8658.789999999995,17.02686668361725,101.1272141706924,-1.3299999999999983,-1.114649681528661,20.08999999999999,50853.689999999995
2010,Starter Motor,Electrical,Toyota,Kia,138.33,93.99,134.18,84,UK,2024-04-30,GBP,11619.72,3724.560000000001,32.05378442854045,96.99992770910141,4.150000000000006,3.0928603368609373,44.34000000000002,11619.720000000001
2010,Starter Motor,Electrical,Hyundai,Nissan,137.1,101.81,145.24,294,EU,2024-04-30,GBP,40307.4,10375.26,25.74033552151714,105.9372720641867,-8.140000000000015,-5.604516662076573,35.28999999999999,40307.4
2010,Starter Motor,Electrical,Nissan,Hyundai,137.67,96.91,142.53,353,UK,2024-04-30,GBP,48597.50999999999,14388.28,29.60703130674802,103.5301808672913,-4.860000000000014,-3.4098084613765614,40.75999999999999,48597.509999999995
2010,Starter Motor,Electrical,Kia,Toyota,126.9,94.4,132.33,460,UK,2024-07-31,GBP,58374.0,14950.0,25.6107171000788,104.2789598108747,-5.430000000000007,-4.1033779188392705,32.5,58374.0
2010,Starter Motor,Electrical,Toyota,Kia,126.43,102.52,136.17,151,EU,2024-07-31,GBP,19090.93,3610.410000000002,18.91165071581113,107.7038677529067,-9.73999999999998,-7.152823676286981,23.91000000000001,19090.93
2010,Starter Motor,Electrical,Hyundai,Nissan,120.81,98.3,126.56,114,EU,2024-07-31,GBP,13772.34,2566.140000000001,18.63256352950915,104.7595397731976,-5.75,-4.543299620733249,22.510000000000005,13772.34
2010,Starter Motor,Electrical,Nissan,Hyundai,137.3,102.58,129.49,400,EU,2024-07-31,GBP,54920.00000000001,13888.00000000001,25.28769118718136,94.31172614712308,7.810000000000002,6.031353772492086,34.72000000000001,54920.00000000001
2010,Starter Motor,Electrical,Kia,Toyota,132.5,101.86,126.57,88,EU,2024-10-31,GBP,11660.0,2696.32,23.12452830188679,95.52452830188679,5.930000000000007,4.685154459982624,30.64,11660.0
2010,Starter Motor,Electrical,Toyota,Kia,120.89,99.0,125.74,316,UK,2024-10-31,GBP,38201.24,6917.24,18.1073703366697,104.0119116552237,-4.849999999999994,-3.8571655797677704,21.89,38201.24
2010,Starter Motor,Electrical,Hyundai,Nissan,139.58,100.03,127.97,318,EU,2024-10-31,GBP,44386.44,12576.9,28.33500501504514,91.6821894254191,11.610000000000014,9.072438852856148,39.55000000000001,44386.44
2010,Starter Motor,Electrical,Nissan,Hyundai,130.41,97.53,129.45,85,UK,2024-10-31,GBP,11084.85,2794.8,25.21279043018173,99.26386013342534,0.960000000000008,0.741599073001165,32.879999999999995,11084.85
2010,Starter Motor,Electrical,Kia,Toyota,136.02,100.69,132.84,311,EU,2025-01-31,GBP,42302.22,10987.63,25.97412145272755,97.66210851345389,3.180000000000007,2.3938572719060573,35.33000000000001,42302.22
2010,Starter Motor,Electrical,Toyota,Kia,141.8,97.55,132.98,490,UK,2025-01-31,GBP,69482.0,21682.50000000001,31.20592383638929,93.77997179125528,8.820000000000022,6.632576327267276,44.250000000000014,69482.0
2010,Starter Motor,Electrical,Hyundai,Nissan,118.01,96.95,126.66,494,EU,2025-01-31,GBP,58296.94,10403.64,17.84594525887637,107.3298872976866,-8.649999999999991,-6.829306805621342,21.060000000000002,58296.94
2010,Starter Motor,Electrical,Nissan,Hyundai,122.41,103.47,127.35,102,EU,2025-01-31,GBP,12485.82,1931.88,15.47259210848787,104.0356180050649,-4.939999999999998,-3.8790734197094605,18.939999999999998,12485.82
2010,Starter Motor,Electrical,Kia,Toyota,120.89,98.94,115.46,250,UK,2025-04-30,GBP,30222.5,5487.500000000001,18.15700223343536,95.50831334270823,5.430000000000007,4.702927420751782,21.950000000000003,30222.5
2010,Starter Motor,Electrical,Toyota,Kia,142.72,103.04,146.84,188,UK,2025-04-30,GBP,26831.36,7459.839999999998,27.80269058295964,102.8867713004484,-4.1200000000000045,-2.80577499318987,39.67999999999999,26831.36
2010,Starter Motor,Electrical,Hyundai,Nissan,119.23,100.68,127.81,449,EU,2025-04-30,GBP,53534.27,8328.949999999999,15.55816489138639,107.1961754591965,-8.579999999999998,-6.71308974258665,18.549999999999997,53534.270000000004
2010,Starter Motor,Electrical,Nissan,Hyundai,119.53,93.94,110.79,153,EU,2025-04-30,GBP,18288.09,3915.27,21.40885133439304,92.68802811009789,8.739999999999995,7.888798628035016,25.590000000000003,18288.09
2010,Starter Motor,Electrical,Kia,Toyota,141.0,95.05,131.86,115,EU,2025-07-31,GBP,16215.0,5284.25,32.5886524822695,93.51773049645391,9.139999999999986,6.9315941149704114,45.95,16215.0
2010,Starter Motor,Electrical,Toyota,Kia,133.87,96.68,128.04,224,UK,2025-07-31,GBP,29986.88,8330.56,27.78068275192351,95.64502875924403,5.8300000000000125,4.553264604811007,37.19,29986.88
2010,Starter Motor,Electrical,Hyundai,Nissan,131.0,101.99,137.87,437,UK,2025-07-31,GBP,57247.0,12677.37,22.14503816793894,105.2442748091603,-6.8700000000000045,-4.982954957568728,29.010000000000005,57247.0
2010,Starter Motor,Electrical,Nissan,Hyundai,139.78,97.87,143.91,330,UK,2025-07-31,GBP,46127.4,13830.3,29.98283016168264,102.954643010445,-4.1299999999999955,-2.869849211312623,41.91,46127.4
2010,Starter Motor,Electrical,Kia,Toyota,122.91,103.14,132.21,281,UK,2025-10-31,GBP,34537.71,5555.369999999999,16.08494020014645,107.5665120820112,-9.300000000000011,-7.034263671431821,19.769999999999996,34537.71
2010,Starter Motor,Electrical,Toyota,Kia,118.49,100.74,113.52,452,EU,2025-10-31,GBP,53557.48,8023.0,14.98016710270909,95.80555321124146,4.969999999999999,4.378083157152924,17.75,53557.479999999996
2010,Starter Motor,Electrical,Hyundai,Nissan,140.08,96.87,127.83,91,EU,2025-10-31,GBP,12747.28,3932.110000000001,30.84665905197031,91.25499714448885,12.250000000000014,9.583039974966765,43.21000000000001,12747.28
2010,Starter Motor,Electrical,Nissan,Hyundai,135.38,103.15,133.25,414,UK,2025-10-31,GBP,56047.32,13343.22,23.80706160437287,98.4266509085537,2.1299999999999955,1.5984990619136927,32.22999999999999,56047.32
2011,Headlight,Electrical,Kia,Toyota,212.63,138.64,204.04,280,EU,2024-01-31,GBP,59536.4,20717.2,34.79753562526454,95.96011851573155,8.590000000000003,4.209958831601648,73.99000000000001,59536.4
2011,Headlight,Electrical,Toyota,Kia,195.91,149.92,187.43,132,EU,2024-01-31,GBP,25860.12,6070.680000000001,23.4750650809045,95.67148180286867,8.47999999999999,4.5243557594835355,45.99000000000001,25860.12
2011,Headlight,Electrical,Hyundai,Nissan,190.5,137.08,198.49,224,UK,2024-01-31,GBP,42672.0,11966.08,28.04199475065616,104.1942257217848,-7.990000000000009,-4.0253917073908045,53.41999999999999,42672.0
2011,Headlight,Electrical,Nissan,Hyundai,214.47,151.06,229.35,392,UK,2024-01-31,GBP,84072.24,24856.72,29.56590665361122,106.9380332913694,-14.879999999999995,-6.487900588620012,63.41,84072.24
2011,Headlight,Electrical,Kia,Toyota,192.22,146.66,181.28,166,EU,2024-04-30,GBP,31908.52,7562.96,23.70200811570076,94.30860472375403,10.939999999999998,6.034863195057368,45.56,31908.52
2011,Headlight,Electrical,Toyota,Kia,190.68,142.53,203.23,148,UK,2024-04-30,GBP,28220.64,7126.200000000001,25.25173064820642,106.581707572897,-12.549999999999983,-6.1752693992028656,48.150000000000006,28220.64
2011,Headlight,Electrical,Hyundai,Nissan,188.13,145.98,195.34,349,EU,2024-04-30,GBP,65657.37,14710.35,22.4047201403285,103.8324562802318,-7.210000000000008,-3.6910003071567563,42.150000000000006,65657.37
2011,Headlight,Electrical,Nissan,Hyundai,187.97,144.74,190.34,130,UK,2024-04-30,GBP,24436.1,5619.899999999999,22.99835080065968,101.2608394956642,-2.3700000000000045,-1.2451402752968397,43.22999999999999,24436.1
2011,Headlight,Electrical,Kia,Toyota,204.19,150.49,214.87,412,EU,2024-07-31,GBP,84126.28,22124.39999999999,26.29903521230226,105.2304226455752,-10.680000000000007,-4.970447247172713,53.69999999999999,84126.28
2011,Headlight,Electrical,Toyota,Kia,189.37,149.77,176.1,304,EU,2024-07-31,GBP,57568.48,12038.4,20.91144320642129,92.99255425885832,13.27000000000001,7.535491198182857,39.599999999999994,57568.48
2011,Headlight,Electrical,Hyundai,Nissan,187.0,143.18,195.0,356,EU,2024-07-31,GBP,66572.0,15599.92,23.4331550802139,104.2780748663101,-8.0,-4.102564102564102,43.81999999999999,66572.0
2011,Headlight,Electrical,Nissan,Hyundai,193.4,138.86,203.77,476,UK,2024-07-31,GBP,92058.40000000001,25961.04,28.20062047569803,105.3619441571872,-10.370000000000005,-5.089071011434462,54.53999999999999,92058.40000000001
2011,Headlight,Electrical,Kia,Toyota,177.81,137.8,182.16,396,UK,2024-10-31,GBP,70412.76,15843.96,22.50154659467971,102.4464315842754,-4.349999999999994,-2.38801054018445,40.00999999999999,70412.76
2011,Headlight,Electrical,Toyota,Kia,196.24,138.2,204.28,455,EU,2024-10-31,GBP,89289.2,26408.20000000001,29.57602935181411,104.097024052181,-8.039999999999992,-3.9357744272567023,58.04000000000002,89289.2
2011,Headlight,Electrical,Hyundai,Nissan,209.86,147.54,212.32,205,UK,2024-10-31,GBP,43021.3,12775.6,29.69598780139141,101.1722100447918,-2.4599999999999795,-1.15862848530519,62.32000000000002,43021.3
2011,Headlight,Electrical,Nissan,Hyundai,208.39,140.45,206.62,179,EU,2024-10-31,GBP,37301.81,12161.26,32.60233216565094,99.1506310283603,1.7699999999999818,0.8566450488819969,67.94,37301.81
2011,Headlight,Electrical,Kia,Toyota,212.31,144.53,212.35,110,EU,2025-01-31,GBP,23354.1,7455.8,31.92501530780463,100.0188403749235,-0.03999999999999204,-0.018836825994816127,67.78,23354.1
2011,Headlight,Electrical,Toyota,Kia,208.09,149.44,201.56,415,UK,2025-01-31,GBP,86357.35,24339.75,28.18491998654429,96.86193473977606,6.530000000000001,3.2397301051795995,58.650000000000006,86357.35
2011,Headlight,Electrical,Hyundai,Nissan,194.98,141.34,212.71,463,UK,2025-01-31,GBP,90275.73999999999,24835.31999999999,27.51051389886142,109.0932403323418,-17.730000000000018,-8.335292181843833,53.639999999999986,90275.73999999999
2011,Headlight,Electrical,Nissan,Hyundai,203.79,141.78,199.21,202,EU,2025-01-31,GBP,41165.58,12526.02,30.42838215810393,97.75258844889348,4.579999999999984,2.2990813714170897,62.00999999999999,41165.58
2011,Headlight,Electrical,Kia,Toyota,211.21,143.3,195.23,328,EU,2025-04-30,GBP,69276.88,22274.48,32.15283367264807,92.43407035651721,15.980000000000018,8.18521743584491,67.91,69276.88
2011,Headlight,Electrical,Toyota,Kia,212.9,150.14,200.34,307,EU,2025-04-30,GBP,65360.3,19267.32000000001,29.47862846406765,94.10051667449507,12.560000000000002,6.269342118398723,62.76000000000002,65360.3
2011,Headlight,Electrical,Hyundai,Nissan,182.29,149.78,182.59,350,UK,2025-04-30,GBP,63801.5,11378.5,17.83422019858467,100.1645729332383,-0.30000000000001137,-0.16430253573580775,32.50999999999999,63801.5
2011,Headlight,Electrical,Nissan,Hyundai,209.35,140.73,198.16,115,UK,2025-04-30,GBP,24075.25,7891.3,32.77764509195128,94.65488416527347,11.189999999999998,5.646951958013726,68.62,24075.25
2011,Headlight,Electrical,Kia,Toyota,212.42,145.02,204.54,227,UK,2025-07-31,GBP,48219.34,15299.8,31.72959231710761,96.29036813859335,7.8799999999999955,3.8525471790358834,67.39999999999998,48219.34
2011,Headlight,Electrical,Toyota,Kia,186.91,150.91,181.32,468,UK,2025-07-31,GBP,87473.88,16848.0,19.26060670911134,97.00925579155744,5.590000000000003,3.082947275534968,36.0,87473.88
2011,Headlight,Electrical,Hyundai,Nissan,204.41,144.73,191.43,380,UK,2025-07-31,GBP,77675.8,22678.4,29.19622327674772,93.65001712244998,12.97999999999999,6.780546413832727,59.68000000000001,77675.8
2011,Headlight,Electrical,Nissan,Hyundai,198.21,137.89,187.42,146,UK,2025-07-31,GBP,28938.66,8806.720000000003,30.43236970889462,94.5562786943141,10.79000000000002,5.757123039163388,60.32000000000002,28938.66
2011,Headlight,Electrical,Kia,Toyota,199.41,142.79,197.84,314,EU,2025-10-31,GBP,62614.74,17778.68,28.3937615967103,99.21267739832507,1.5699999999999932,0.7935705620703565,56.620000000000005,62614.74
2011,Headlight,Electrical,Toyota,Kia,208.85,150.28,197.15,342,UK,2025-10-31,GBP,71426.7,20030.94,28.04405075412976,94.3978932248025,11.699999999999989,5.934567588130859,58.56999999999999,71426.7
2011,Headlight,Electrical,Hyundai,Nissan,211.86,147.72,191.28,339,EU,2025-10-31,GBP,71820.54000000001,21743.46000000001,30.27470971396206,90.28603794958934,20.580000000000013,10.759096612296117,64.14000000000001,71820.54000000001
2011,Headlight,Electrical,Nissan,Hyundai,182.52,141.99,170.54,215,EU,2025-10-31,GBP,39241.8,8713.95,22.20578566732413,93.43633574402804,11.980000000000018,7.024744927876168,40.53,39241.8
2012,Shock Absorber,Suspension,Kia,Toyota,71.97,43.57,68.6,61,EU,2024-01-31,GBP,4390.17,1732.4,39.46088648047797,95.31749340002779,3.3700000000000045,4.912536443148695,28.4,4390.17
2012,Shock Absorber,Suspension,Toyota,Kia,74.56,44.36,73.3,287,EU,2024-01-31,GBP,21398.72,8667.400000000001,40.50429184549357,98.31008583690986,1.2600000000000051,1.7189631650750412,30.200000000000003,21398.72
2012,Shock Absorber,Suspension,Hyundai,Nissan,71.44,43.53,69.08,458,EU,2024-01-31,GBP,32719.52,12782.78,39.06774916013438,96.69652855543113,2.3599999999999994,3.4163288940359,27.909999999999997,32719.52
2012,Shock Absorber,Suspension,Nissan,Hyundai,75.7,42.75,72.92,433,UK,2024-01-31,GBP,32778.1,14267.35,43.52708058124175,96.32760898282694,2.780000000000001,3.8123971475589697,32.95,32778.1
2012,Shock Absorber,Suspension,Kia,Toyota,72.77,45.29,76.61,473,UK,2024-04-30,GBP,34420.21,12998.04,37.76281434657139,105.276899821355,-3.8400000000000034,-5.012400469912548,27.479999999999997,34420.21
2012,Shock Absorber,Suspension,Toyota,Kia,75.8,42.31,82.15,156,UK,2024-04-30,GBP,11824.8,5224.44,44.1820580474934,108.377308707124,-6.3500000000000085,-7.729762629336589,33.489999999999995,11824.8
2012,Shock Absorber,Suspension,Hyundai,Nissan,67.16,41.85,67.19,319,UK,2024-04-30,GBP,21424.04,8073.889999999999,37.68612269207861,100.0446694460989,-0.030000000000001137,-0.04464950141390257,25.309999999999995,21424.039999999997
2012,Shock Absorber,Suspension,Nissan,Hyundai,72.45,42.01,67.09,400,EU,2024-04-30,GBP,28980.0,12176.0,42.01518288474811,92.60179434092478,5.359999999999999,7.989268147264866,30.440000000000005,28980.0
2012,Shock Absorber,Suspension,Kia,Toyota,66.83,42.84,61.79,335,EU,2024-07-31,GBP,22388.05,8036.649999999999,35.89705222205596,92.45847673200659,5.039999999999999,8.15665965366564,23.989999999999995,22388.05
2012,Shock Absorber,Suspension,Toyota,Kia,63.95,42.73,59.74,95,EU,2024-07-31,GBP,6075.25,2015.900000000001,33.182173573104,93.41673182173574,4.210000000000001,7.047204553063276,21.220000000000006,6075.25
2012,Shock Absorber,Suspension,Hyundai,Nissan,63.27,44.58,61.01,58,UK,2024-07-31,GBP,3669.66,1084.02,29.54006638217165,96.42800695432273,2.260000000000005,3.7043107687264465,18.690000000000005,3669.6600000000003
2012,Shock Absorber,Suspension,Nissan,Hyundai,76.7,44.88,70.09,263,UK,2024-07-31,GBP,20172.1,8368.66,41.48631029986962,91.38200782268578,6.609999999999999,9.43073191610786,31.82,20172.100000000002
2012,Shock Absorber,Suspension,Kia,Toyota,67.38,43.39,68.08,291,EU,2024-10-31,GBP,19607.58,6981.089999999998,35.60403680617393,101.0388839418225,-0.7000000000000028,-1.0282021151586411,23.989999999999995,19607.579999999998
2012,Shock Absorber,Suspension,Toyota,Kia,75.21,42.41,82.51,218,EU,2024-10-31,GBP,16395.78,7150.4,43.61122191197979,109.7061560962638,-7.300000000000011,-8.847412434856395,32.8,16395.78
2012,Shock Absorber,Suspension,Hyundai,Nissan,63.96,44.97,64.13,53,UK,2024-10-31,GBP,3389.88,1006.47,29.69043151969982,100.2657911194496,-0.1699999999999946,-0.2650865429596049,18.990000000000002,3389.88
2012,Shock Absorber,Suspension,Nissan,Hyundai,64.05,45.37,62.03,485,UK,2024-10-31,GBP,31064.25,9059.8,29.16471506635441,96.84621389539423,2.019999999999996,3.2564887957439885,18.68,31064.25
2012,Shock Absorber,Suspension,Kia,Toyota,69.63,42.78,63.36,492,EU,2025-01-31,GBP,34257.96,13210.2,38.56096510124946,90.99526066350711,6.269999999999996,9.895833333333327,26.849999999999994,34257.96
2012,Shock Absorber,Suspension,Toyota,Kia,73.0,42.67,79.94,211,UK,2025-01-31,GBP,15403.0,6399.629999999999,41.54794520547945,109.5068493150685,-6.939999999999998,-8.68151113335001,30.33,15403.0
2012,Shock Absorber,Suspension,Hyundai,Nissan,65.75,44.96,69.88,180,EU,2025-01-31,GBP,11835.0,3742.2,31.61977186311787,106.2813688212928,-4.1299999999999955,-5.910131654264447,20.79,11835.0
2012,Shock Absorber,Suspension,Nissan,Hyundai,66.0,42.1,61.14,353,EU,2025-01-31,GBP,23298.0,8436.699999999999,36.21212121212121,92.63636363636364,4.859999999999999,7.948969578017663,23.9,23298.0
2012,Shock Absorber,Suspension,Kia,Toyota,66.99,41.85,73.22,255,EU,2025-04-30,GBP,17082.45,6410.699999999998,37.52798925212718,109.2998955067921,-6.230000000000004,-8.50860420650096,25.139999999999993,17082.449999999997
2012,Shock Absorber,Suspension,Toyota,Kia,69.82,44.91,69.58,393,UK,2025-04-30,GBP,27439.26,9789.63,35.67745631624176,99.6562589515898,0.23999999999999488,0.3449267030755891,24.909999999999997,27439.26
2012,Shock Absorber,Suspension,Hyundai,Nissan,64.29,44.96,67.61,197,EU,2025-04-30,GBP,12665.13,3808.010000000001,30.0668844299269,105.1641001710997,-3.319999999999993,-4.910516195829009,19.330000000000005,12665.130000000001
2012,Shock Absorber,Suspension,Nissan,Hyundai,71.33,43.8,67.55,56,UK,2025-04-30,GBP,3994.48,1541.68,38.59526146081593,94.70068694798822,3.780000000000001,5.595854922279795,27.53,3994.48
2012,Shock Absorber,Suspension,Kia,Toyota,70.65,43.34,77.54,429,EU,2025-07-31,GBP,30308.85,11715.99,38.65534324133051,109.7523000707714,-6.890000000000001,-8.885736394119165,27.310000000000002,30308.850000000002
2012,Shock Absorber,Suspension,Toyota,Kia,67.86,45.05,69.17,216,UK,2025-07-31,GBP,14657.76,4926.960000000001,33.61332154435603,101.9304450338933,-1.3100000000000023,-1.893884632065928,22.810000000000002,14657.76
2012,Shock Absorber,Suspension,Hyundai,Nissan,73.2,45.09,73.98,220,EU,2025-07-31,GBP,16104.0,6184.2,38.40163934426229,101.0655737704918,-0.7800000000000011,-1.0543390105433916,28.11,16104.0
2012,Shock Absorber,Suspension,Nissan,Hyundai,68.22,41.63,70.67,459,EU,2025-07-31,GBP,31312.98,12204.81,38.97683963647024,103.5913221929053,-2.450000000000003,-3.466817602943261,26.589999999999996,31312.98
2012,Shock Absorber,Suspension,Kia,Toyota,66.74,41.86,62.65,421,EU,2025-10-31,GBP,28097.54,10474.48,37.27899310758166,93.87174108480671,4.089999999999996,6.528332003192333,24.879999999999995,28097.539999999997
2012,Shock Absorber,Suspension,Toyota,Kia,74.13,43.52,77.11,199,EU,2025-10-31,GBP,14751.87,6091.389999999999,41.29232429515715,104.0199649264805,-2.980000000000004,-3.86460900012969,30.609999999999992,14751.869999999999
2012,Shock Absorber,Suspension,Hyundai,Nissan,64.42,41.78,63.87,359,EU,2025-10-31,GBP,23126.78,8127.76,35.14436510400497,99.1462278795405,0.5500000000000043,0.8611241584468519,22.64,23126.78
2012,Shock Absorber,Suspension,Nissan,Hyundai,67.84,43.49,71.25,338,UK,2025-10-31,GBP,22929.92,8230.300000000001,35.8932783018868,105.0265330188679,-3.4099999999999966,-4.785964912280697,24.35,22929.920000000002
2013,Control Arm,Suspension,Kia,Toyota,39.6,25.55,35.75,356,EU,2024-01-31,GBP,14097.6,5001.8,35.47979797979798,90.27777777777779,3.8500000000000014,10.769230769230772,14.05,14097.6
2013,Control Arm,Suspension,Toyota,Kia,34.16,23.71,31.7,294,EU,2024-01-31,GBP,10043.04,3072.299999999999,30.59133489461357,92.79859484777518,2.4599999999999973,7.760252365930591,10.449999999999996,10043.039999999999
2013,Control Arm,Suspension,Hyundai,Nissan,38.72,25.95,39.96,107,UK,2024-01-31,GBP,4143.04,1366.39,32.98037190082644,103.202479338843,-1.240000000000002,-3.103103103103108,12.77,4143.04
2013,Control Arm,Suspension,Nissan,Hyundai,40.69,24.42,37.2,181,UK,2024-01-31,GBP,7364.889999999999,2944.869999999999,39.98525436225116,91.42295404276236,3.489999999999995,9.381720430107512,16.269999999999996,7364.889999999999
2013,Control Arm,Suspension,Kia,Toyota,34.86,25.56,34.66,68,EU,2024-04-30,GBP,2370.48,632.4000000000001,26.67814113597247,99.42627653471025,0.20000000000000284,0.5770340450086637,9.3,2370.48
2013,Control Arm,Suspension,Toyota,Kia,34.1,24.07,32.85,295,UK,2024-04-30,GBP,10059.5,2958.85,29.41348973607038,96.33431085043989,1.25,3.8051750380517504,10.030000000000001,10059.5
2013,Control Arm,Suspension,Hyundai,Nissan,39.32,24.68,38.03,391,EU,2024-04-30,GBP,15374.12,5724.24,37.23296032553408,96.71922685656155,1.2899999999999991,3.3920589008677338,14.64,15374.12
2013,Control Arm,Suspension,Nissan,Hyundai,37.88,25.08,36.15,342,EU,2024-04-30,GBP,12954.96,4377.600000000001,33.79091869060191,95.43294614572334,1.730000000000004,4.785615491009693,12.800000000000004,12954.960000000001
2013,Control Arm,Suspension,Kia,Toyota,39.82,24.31,40.33,87,EU,2024-07-31,GBP,3464.34,1349.37,38.95027624309393,101.2807634354595,-0.509999999999998,-1.2645673196131861,15.510000000000002,3464.34
2013,Control Arm,Suspension,Toyota,Kia,39.04,24.22,42.48,470,EU,2024-07-31,GBP,18348.8,6965.400000000001,37.96106557377049,108.8114754098361,-3.4399999999999977,-8.097928436911484,14.82,18348.8
2013,Control Arm,Suspension,Hyundai,Nissan,36.96,24.81,36.28,200,EU,2024-07-31,GBP,7392.0,2430.0,32.87337662337663,98.16017316017316,0.6799999999999997,1.8743109151047401,12.150000000000002,7392.0
2013,Control Arm,Suspension,Nissan,Hyundai,37.55,24.7,40.84,169,EU,2024-07-31,GBP,6345.95,2171.65,34.22103861517976,108.7616511318243,-3.2900000000000063,-8.055827619980425,12.849999999999998,6345.95
2013,Control Arm,Suspension,Kia,Toyota,37.63,24.5,38.81,495,EU,2024-10-31,GBP,18626.85,6499.350000000001,34.89237310656392,103.1357959075206,-1.1799999999999997,-3.0404534913682033,13.130000000000003,18626.850000000002
2013,Control Arm,Suspension,Toyota,Kia,35.97,25.1,37.96,179,UK,2024-10-31,GBP,6438.63,1945.73,30.21962746733388,105.5323881011955,-1.990000000000002,-5.242360379346686,10.869999999999997,6438.63
2013,Control Arm,Suspension,Hyundai,Nissan,35.94,24.77,37.29,60,EU,2024-10-31,GBP,2156.4,670.1999999999999,31.07957707289927,103.7562604340568,-1.3500000000000014,-3.620273531777961,11.169999999999998,2156.3999999999996
2013,Control Arm,Suspension,Nissan,Hyundai,37.54,25.45,39.02,261,EU,2024-10-31,GBP,9797.94,3155.49,32.2056473095365,103.9424613745338,-1.480000000000004,-3.792926704254238,12.09,9797.94
2013,Control Arm,Suspension,Kia,Toyota,39.39,24.98,36.33,333,EU,2025-01-31,GBP,13116.87,4798.53,36.58288905813658,92.23153084539223,3.0600000000000023,8.422791081750626,14.41,13116.87
2013,Control Arm,Suspension,Toyota,Kia,39.41,24.83,42.4,119,EU,2025-01-31,GBP,4689.79,1735.02,36.99568637401674,107.5869068764273,-2.990000000000002,-7.0518867924528355,14.579999999999998,4689.79
2013,Control Arm,Suspension,Hyundai,Nissan,37.53,25.88,34.61,57,EU,2025-01-31,GBP,2139.21,664.0500000000001,31.04183320010659,92.21955768718358,2.9200000000000017,8.436867957237798,11.650000000000002,2139.21
2013,Control Arm,Suspension,Nissan,Hyundai,36.68,24.3,36.06,489,UK,2025-01-31,GBP,17936.52,6053.82,33.75136314067612,98.30970556161397,0.6199999999999974,1.7193566278424777,12.379999999999999,17936.52
2013,Control Arm,Suspension,Kia,Toyota,37.99,25.48,38.01,116,EU,2025-04-30,GBP,4406.84,1451.16,32.92971834693341,100.0526454330087,-0.01999999999999602,-0.052617732175732755,12.510000000000002,4406.84
2013,Control Arm,Suspension,Toyota,Kia,33.87,23.83,36.67,358,UK,2025-04-30,GBP,12125.46,3594.32,29.64275169766755,108.2669028638914,-2.8000000000000043,-7.635669484592321,10.04,12125.46
2013,Control Arm,Suspension,Hyundai,Nissan,35.02,25.53,38.22,105,UK,2025-04-30,GBP,3677.1,996.4500000000002,27.09880068532268,109.137635636779,-3.1999999999999957,-8.372579801151218,9.490000000000002,3677.1000000000004
2013,Control Arm,Suspension,Nissan,Hyundai,38.69,25.92,38.0,297,UK,2025-04-30,GBP,11490.93,3792.689999999999,33.00594468855,98.21659343499613,0.6899999999999977,1.8157894736842046,12.769999999999996,11490.929999999998
2013,Control Arm,Suspension,Kia,Toyota,34.68,25.39,34.87,125,EU,2025-07-31,GBP,4335.0,1161.25,26.78777393310265,100.5478662053057,-0.18999999999999773,-0.5448809865213586,9.29,4335.0
2013,Control Arm,Suspension,Toyota,Kia,40.63,25.92,42.43,276,EU,2025-07-31,GBP,11213.88,4059.96,36.20477479694807,104.4302239724341,-1.7999999999999972,-4.242281404666503,14.71,11213.880000000001
2013,Control Arm,Suspension,Hyundai,Nissan,36.09,24.98,36.83,454,EU,2025-07-31,GBP,16384.86,5043.940000000001,30.78415073427543,102.0504294818509,-0.7399999999999949,-2.009231604670092,11.110000000000003,16384.86
2013,Control Arm,Suspension,Nissan,Hyundai,34.27,24.42,34.21,367,EU,2025-07-31,GBP,12577.09,3614.950000000001,28.74234023927634,99.82491975488766,0.060000000000002274,0.1753873136509859,9.850000000000001,12577.090000000002
2013,Control Arm,Suspension,Kia,Toyota,40.27,25.25,36.96,114,UK,2025-10-31,GBP,4590.780000000001,1712.28,37.2982369009188,91.78048174819965,3.3100000000000023,8.95562770562771,15.020000000000003,4590.780000000001
2013,Control Arm,Suspension,Toyota,Kia,35.13,24.38,35.12,225,EU,2025-10-31,GBP,7904.250000000001,2418.750000000001,30.60062624537433,99.97153430116708,0.010000000000005116,0.02847380410024236,10.750000000000004,7904.250000000001
2013,Control Arm,Suspension,Hyundai,Nissan,40.0,25.36,36.31,135,UK,2025-10-31,GBP,5400.0,1976.4,36.6,90.775,3.6899999999999977,10.162489672266586,14.64,5400.0
2013,Control Arm,Suspension,Nissan,Hyundai,40.03,24.87,37.79,120,EU,2025-10-31,GBP,4803.6,1819.2,37.87159630277292,94.40419685236073,2.240000000000002,5.9274940460439325,15.16,4803.6
2014,Ball Joint,Suspension,Kia,Toyota,23.33,15.31,21.45,408,UK,2024-01-31,GBP,9518.64,3272.159999999999,34.37633947706814,91.941705957994,1.879999999999999,8.76456876456876,8.019999999999998,9518.64
2014,Ball Joint,Suspension,Toyota,Kia,23.79,14.69,22.82,488,UK,2024-01-31,GBP,11609.52,4440.8,38.25136612021858,95.92265657839428,0.9699999999999989,4.250657318141976,9.1,11609.52
2014,Ball Joint,Suspension,Hyundai,Nissan,20.02,15.28,18.99,237,UK,2024-01-31,GBP,4744.74,1123.38,23.67632367632368,94.85514485514484,1.0300000000000011,5.423907319641923,4.74,4744.74
2014,Ball Joint,Suspension,Nissan,Hyundai,20.44,14.43,22.4,157,EU,2024-01-31,GBP,3209.08,943.5700000000003,29.40313111545989,109.5890410958904,-1.9599999999999973,-8.749999999999988,6.010000000000002,3209.0800000000004
2014,Ball Joint,Suspension,Kia,Toyota,20.41,15.56,19.98,254,UK,2024-04-30,GBP,5184.14,1231.9,23.76286134247917,97.89318961293483,0.4299999999999997,2.152152152152151,4.85,5184.14
2014,Ball Joint,Suspension,Toyota,Kia,21.57,14.64,23.35,94,UK,2024-04-30,GBP,2027.58,651.42,32.1279554937413,108.2522021325916,-1.7800000000000011,-7.62312633832977,6.93,2027.58
2014,Ball Joint,Suspension,Hyundai,Nissan,23.62,14.4,21.44,401,UK,2024-04-30,GBP,9471.62,3697.22,39.03471634208298,90.77053344623201,2.1799999999999997,10.16791044776119,9.22,9471.62
2014,Ball Joint,Suspension,Nissan,Hyundai,22.85,14.55,22.77,107,UK,2024-04-30,GBP,2444.95,888.1,36.32385120350109,99.64989059080962,0.08000000000000185,0.3513394817742725,8.3,2444.9500000000003
2014,Ball Joint,Suspension,Kia,Toyota,23.11,14.88,24.98,92,EU,2024-07-31,GBP,2126.12,757.1599999999999,35.61228905235828,108.0917351795759,-1.870000000000001,-7.48598879103283,8.229999999999999,2126.12
2014,Ball Joint,Suspension,Toyota,Kia,23.38,14.84,23.81,65,EU,2024-07-31,GBP,1519.7,555.0999999999999,36.52694610778443,101.8391787852866,-0.4299999999999997,-1.8059638807223846,8.54,1519.7
2014,Ball Joint,Suspension,Hyundai,Nissan,20.31,14.6,18.92,462,UK,2024-07-31,GBP,9383.22,2638.02,28.11422944362383,93.15608074839982,1.389999999999997,7.3467230443974465,5.709999999999999,9383.22
2014,Ball Joint,Suspension,Nissan,Hyundai,20.88,15.48,18.97,191,EU,2024-07-31,GBP,3988.08,1031.4,25.86206896551724,90.85249042145594,1.9100000000000001,10.06852925672114,5.399999999999999,3988.08
2014,Ball Joint,Suspension,Kia,Toyota,23.95,14.89,26.03,300,UK,2024-10-31,GBP,7185.0,2718.0,37.82881002087682,108.6847599164927,-2.080000000000002,-7.990779869381489,9.059999999999999,7185.0
2014,Ball Joint,Suspension,Toyota,Kia,20.22,14.33,19.94,65,UK,2024-10-31,GBP,1314.3,382.8499999999999,29.12957467853609,98.61523244312563,0.2799999999999976,1.404212637913729,5.889999999999999,1314.3
2014,Ball Joint,Suspension,Hyundai,Nissan,21.27,15.41,21.63,268,UK,2024-10-31,GBP,5700.36,1570.48,27.55054066760695,101.6925246826516,-0.35999999999999943,-1.6643550624133123,5.859999999999999,5700.36
2014,Ball Joint,Suspension,Nissan,Hyundai,22.71,15.0,23.95,471,EU,2024-10-31,GBP,10696.41,3631.41,33.94980184940555,105.4601497137825,-1.2399999999999984,-5.177453027139868,7.710000000000001,10696.41
2014,Ball Joint,Suspension,Kia,Toyota,23.3,14.44,22.8,399,EU,2025-01-31,GBP,9296.7,3535.14,38.02575107296138,97.85407725321889,0.5,2.1929824561403506,8.860000000000001,9296.7
2014,Ball Joint,Suspension,Toyota,Kia,20.29,15.4,19.77,380,EU,2025-01-31,GBP,7710.2,1858.2,24.10054213898472,97.43716116313456,0.5199999999999996,2.6302478502781974,4.889999999999999,7710.2
2014,Ball Joint,Suspension,Hyundai,Nissan,21.18,14.78,22.47,211,UK,2025-01-31,GBP,4468.98,1350.4,30.21718602455147,106.0906515580736,-1.2899999999999991,-5.740987983978635,6.4,4468.98
2014,Ball Joint,Suspension,Nissan,Hyundai,22.71,14.41,22.14,84,EU,2025-01-31,GBP,1907.64,697.2,36.5477763099956,97.49009247027742,0.5700000000000003,2.574525745257454,8.3,1907.64
2014,Ball Joint,Suspension,Kia,Toyota,21.94,14.72,21.93,300,EU,2025-04-30,GBP,6582.0,2166.0,32.90793072014586,99.95442114858704,0.010000000000001563,0.0455996352029255,7.220000000000001,6582.0
2014,Ball Joint,Suspension,Toyota,Kia,21.99,14.54,21.1,130,UK,2025-04-30,GBP,2858.7,968.4999999999999,33.87903592542065,95.95270577535244,0.889999999999997,4.218009478672971,7.449999999999999,2858.7
2014,Ball Joint,Suspension,Hyundai,Nissan,20.14,14.35,19.72,497,EU,2025-04-30,GBP,10009.58,2877.630000000001,28.74875868917577,97.91459781529294,0.4200000000000017,2.1298174442190754,5.790000000000001,10009.58
2014,Ball Joint,Suspension,Nissan,Hyundai,21.29,14.31,22.59,214,EU,2025-04-30,GBP,4556.059999999999,1493.72,32.78534523250352,106.1061531235322,-1.3000000000000007,-5.754758742806555,6.979999999999999,4556.0599999999995
2014,Ball Joint,Suspension,Kia,Toyota,21.87,15.72,23.59,307,EU,2025-07-31,GBP,6714.09,1888.05,28.12071330589849,107.864654778235,-1.7199999999999989,-7.291225095379393,6.15,6714.09
2014,Ball Joint,Suspension,Toyota,Kia,22.73,15.47,21.1,375,EU,2025-07-31,GBP,8523.75,2722.5,31.94016717993841,92.82886053673559,1.629999999999999,7.725118483412317,7.26,8523.75
2014,Ball Joint,Suspension,Hyundai,Nissan,20.15,15.67,19.63,247,EU,2025-07-31,GBP,4977.049999999999,1106.56,22.23325062034739,97.41935483870968,0.5199999999999996,2.6490066225165543,4.479999999999999,4977.049999999999
2014,Ball Joint,Suspension,Nissan,Hyundai,23.6,14.51,25.76,163,EU,2025-07-31,GBP,3846.8,1481.67,38.51694915254238,109.1525423728814,-2.16,-8.385093167701864,9.090000000000002,3846.8
2014,Ball Joint,Suspension,Kia,Toyota,22.58,15.39,23.1,500,UK,2025-10-31,GBP,11290.0,3594.999999999999,31.84233835252435,102.3029229406555,-0.5200000000000031,-2.2510822510822646,7.189999999999998,11290.0
2014,Ball Joint,Suspension,Toyota,Kia,21.82,14.89,23.23,339,EU,2025-10-31,GBP,7396.98,2349.27,31.75985334555453,106.4619615032081,-1.4100000000000001,-6.069737408523461,6.93,7396.9800000000005
2014,Ball Joint,Suspension,Hyundai,Nissan,21.71,15.37,19.98,426,UK,2025-10-31,GBP,9248.460000000001,2700.840000000001,29.20313219714418,92.03132197144173,1.7300000000000004,8.658658658658661,6.340000000000002,9248.460000000001
2014,Ball Joint,Suspension,Nissan,Hyundai,22.71,15.3,23.96,235,UK,2025-10-31,GBP,5336.85,1741.35,32.62879788639366,105.5041831792162,-1.25,-5.217028380634391,7.41,5336.85
2015,Strut Mount,Suspension,Kia,Toyota,56.42,35.68,61.7,454,EU,2024-01-31,GBP,25614.68,9415.960000000001,36.76001417936902,109.358383551932,-5.280000000000001,-8.557536466774717,20.740000000000002,25614.68
2015,Strut Mount,Suspension,Toyota,Kia,49.15,34.2,44.47,280,UK,2024-01-31,GBP,13762.0,4185.999999999999,30.41709053916581,90.47812817904375,4.68,10.523948729480548,14.949999999999996,13762.0
2015,Strut Mount,Suspension,Hyundai,Nissan,49.81,33.22,47.36,337,UK,2024-01-31,GBP,16785.97,5590.830000000001,33.30656494679784,95.08130897410159,2.450000000000003,5.173141891891897,16.590000000000003,16785.97
2015,Strut Mount,Suspension,Nissan,Hyundai,52.3,35.62,53.27,255,EU,2024-01-31,GBP,13336.5,4253.4,31.89292543021033,101.8546845124283,-0.970000000000006,-1.8209123333959187,16.68,13336.5
2015,Strut Mount,Suspension,Kia,Toyota,55.45,34.55,56.45,70,UK,2024-04-30,GBP,3881.5,1463.0,37.69161406672679,101.8034265103697,-1.0,-1.7714791851195746,20.900000000000006,3881.5
2015,Strut Mount,Suspension,Toyota,Kia,57.01,35.67,62.39,433,EU,2024-04-30,GBP,24685.33,9240.219999999998,37.43202946851429,109.4369408875636,-5.380000000000003,-8.623176791152433,21.339999999999996,24685.329999999998
2015,Strut Mount,Suspension,Hyundai,Nissan,56.39,32.55,58.07,485,UK,2024-04-30,GBP,27349.15,11562.4,42.27699946799078,102.9792516403618,-1.6799999999999997,-2.8930600998794556,23.840000000000003,27349.15
2015,Strut Mount,Suspension,Nissan,Hyundai,53.44,33.69,54.05,371,EU,2024-04-30,GBP,19826.24,7327.25,36.95733532934132,101.1414670658683,-0.6099999999999994,-1.1285846438482876,19.75,19826.239999999998
2015,Strut Mount,Suspension,Kia,Toyota,51.8,35.49,53.74,87,UK,2024-07-31,GBP,4506.599999999999,1418.97,31.48648648648648,103.7451737451738,-1.9400000000000048,-3.6099739486416165,16.309999999999995,4506.599999999999
2015,Strut Mount,Suspension,Toyota,Kia,49.76,35.7,50.74,314,EU,2024-07-31,GBP,15624.64,4414.839999999998,28.25562700964629,101.9694533762058,-0.980000000000004,-1.9314150571541269,14.059999999999995,15624.64
2015,Strut Mount,Suspension,Hyundai,Nissan,55.75,33.55,55.6,318,EU,2024-07-31,GBP,17728.5,7059.600000000001,39.82062780269059,99.73094170403589,0.14999999999999858,0.26978417266186794,22.200000000000003,17728.5
2015,Strut Mount,Suspension,Nissan,Hyundai,47.47,32.79,48.75,182,UK,2024-07-31,GBP,8639.539999999999,2671.76,30.92479460712029,102.6964398567516,-1.2800000000000011,-2.625641025641028,14.68,8639.539999999999
2015,Strut Mount,Suspension,Kia,Toyota,49.01,33.17,51.75,229,EU,2024-10-31,GBP,11223.29,3627.359999999999,32.31993470720261,105.5906957763722,-2.740000000000002,-5.294685990338168,15.839999999999996,11223.289999999999
2015,Strut Mount,Suspension,Toyota,Kia,55.47,35.19,57.19,480,UK,2024-10-31,GBP,26625.6,9734.400000000001,36.56030286641428,103.1007751937985,-1.7199999999999989,-3.0075187969924793,20.28,26625.6
2015,Strut Mount,Suspension,Hyundai,Nissan,51.06,34.83,53.87,479,UK,2024-10-31,GBP,24457.74,7774.170000000002,31.78613396004701,105.5033294163729,-2.809999999999995,-5.216261369964721,16.230000000000004,24457.74
2015,Strut Mount,Suspension,Nissan,Hyundai,49.3,34.19,47.19,234,EU,2024-10-31,GBP,11536.2,3535.74,30.64908722109533,95.72008113590263,2.1099999999999994,4.4712862894681065,15.11,11536.199999999999
2015,Strut Mount,Suspension,Kia,Toyota,53.24,35.21,49.56,409,EU,2025-01-31,GBP,21775.16,7374.27,33.86551465063862,93.08790383170549,3.6799999999999997,7.425343018563357,18.03,21775.16
2015,Strut Mount,Suspension,Toyota,Kia,54.31,33.69,57.93,64,EU,2025-01-31,GBP,3475.84,1319.68,37.96722518873136,106.6654391456454,-3.6199999999999974,-6.2489211116865135,20.620000000000005,3475.84
2015,Strut Mount,Suspension,Hyundai,Nissan,47.22,33.45,50.23,168,EU,2025-01-31,GBP,7932.96,2313.359999999999,29.16137229987293,106.3744176196527,-3.009999999999998,-5.992434799920362,13.769999999999996,7932.96
2015,Strut Mount,Suspension,Nissan,Hyundai,54.1,34.18,52.92,475,UK,2025-01-31,GBP,25697.5,9462.0,36.82070240295749,97.81885397412199,1.1799999999999997,2.229780801209372,19.92,25697.5
2015,Strut Mount,Suspension,Kia,Toyota,48.92,32.51,48.34,297,EU,2025-04-30,GBP,14529.24,4873.770000000001,33.54456255110385,98.81439084219133,0.5799999999999983,1.199834505585433,16.410000000000004,14529.24
2015,Strut Mount,Suspension,Toyota,Kia,49.25,34.37,44.45,173,UK,2025-04-30,GBP,8520.25,2574.24,30.21319796954315,90.253807106599,4.799999999999997,10.798650168728901,14.880000000000003,8520.25
2015,Strut Mount,Suspension,Hyundai,Nissan,46.97,35.36,43.99,414,UK,2025-04-30,GBP,19445.58,4806.54,24.7179050457739,93.65552480306579,2.979999999999997,6.774266878836091,11.61,19445.579999999998
2015,Strut Mount,Suspension,Nissan,Hyundai,56.66,32.69,57.77,127,EU,2025-04-30,GBP,7195.82,3044.19,42.30497705612425,101.9590540063537,-1.1100000000000065,-1.9214124978362586,23.97,7195.82
2015,Strut Mount,Suspension,Kia,Toyota,53.17,34.1,56.63,314,EU,2025-07-31,GBP,16695.38,5987.98,35.86608990031973,106.5074290013165,-3.460000000000001,-6.109835776090413,19.07,16695.38
2015,Strut Mount,Suspension,Toyota,Kia,53.43,34.75,54.47,392,EU,2025-07-31,GBP,20944.56,7322.559999999999,34.96163204192401,101.9464720194647,-1.0399999999999991,-1.9093078758949864,18.68,20944.56
2015,Strut Mount,Suspension,Hyundai,Nissan,49.59,32.63,46.41,295,EU,2025-07-31,GBP,14629.05,5003.2,34.2004436378302,93.58741681790683,3.180000000000007,6.8519715578539255,16.96,14629.050000000001
2015,Strut Mount,Suspension,Nissan,Hyundai,55.29,35.32,60.65,360,EU,2025-07-31,GBP,19904.4,7189.2,36.11864713329716,109.6943389401338,-5.359999999999999,-8.837592745259686,19.97,19904.4
2015,Strut Mount,Suspension,Kia,Toyota,56.23,34.28,52.49,252,UK,2025-10-31,GBP,14169.96,5531.399999999999,39.03610172505779,93.34874622087854,3.739999999999995,7.125166698418736,21.949999999999996,14169.96
2015,Strut Mount,Suspension,Toyota,Kia,53.62,33.06,54.86,194,EU,2025-10-31,GBP,10402.28,3988.639999999999,38.34390152928011,102.3125699365908,-1.240000000000002,-2.2602989427634017,20.559999999999995,10402.279999999999
2015,Strut Mount,Suspension,Hyundai,Nissan,49.61,32.34,49.9,198,UK,2025-10-31,GBP,9822.78,3419.459999999999,34.81152993348115,100.5845595646039,-0.28999999999999915,-0.581162324649297,17.269999999999996,9822.78
2015,Strut Mount,Suspension,Nissan,Hyundai,49.46,33.49,48.46,397,UK,2025-10-31,GBP,19635.62,6340.089999999999,32.28871815608572,97.97816417306915,1.0,2.063557573256294,15.969999999999999,19635.62
2016,Radiator,Cooling,Kia,Toyota,189.84,155.64,177.16,76,UK,2024-01-31,GBP,14427.84,2599.200000000001,18.01517067003794,93.32069110830173,12.680000000000007,7.157371867238658,34.20000000000002,14427.84
2016,Radiator,Cooling,Toyota,Kia,184.49,153.84,174.09,172,EU,2024-01-31,GBP,31732.28,5271.800000000001,16.61336657813432,94.36283809420564,10.400000000000006,5.973921534838305,30.650000000000006,31732.280000000002
2016,Radiator,Cooling,Hyundai,Nissan,182.84,150.07,178.85,70,EU,2024-01-31,GBP,12798.8,2293.900000000001,17.92277401006345,97.8177641653905,3.990000000000009,2.2309197651663455,32.77000000000001,12798.800000000001
2016,Radiator,Cooling,Nissan,Hyundai,196.75,152.97,191.53,93,EU,2024-01-31,GBP,18297.75,4071.54,22.25158831003812,97.34688691232527,5.219999999999999,2.7254216049705002,43.78,18297.75
2016,Radiator,Cooling,Kia,Toyota,184.01,154.35,185.96,461,EU,2024-04-30,GBP,84828.61,13673.26,16.11868920167382,101.0597250149448,-1.950000000000017,-1.0486126048612696,29.659999999999997,84828.61
2016,Radiator,Cooling,Toyota,Kia,200.86,154.54,212.19,387,UK,2024-04-30,GBP,77732.82,17925.84000000001,23.06083839490193,105.6407447973713,-11.329999999999984,-5.339554173146701,46.32000000000002,77732.82
2016,Radiator,Cooling,Hyundai,Nissan,206.68,155.65,210.65,190,UK,2024-04-30,GBP,39269.2,9695.7,24.69034255854461,101.920843816528,-3.969999999999999,-1.8846427723712316,51.03,39269.200000000004
2016,Radiator,Cooling,Nissan,Hyundai,219.71,145.28,226.78,217,UK,2024-04-30,GBP,47677.07,16151.31,33.87647353329389,103.2178781120568,-7.069999999999993,-3.117558867625008,74.43,47677.07
2016,Radiator,Cooling,Kia,Toyota,189.01,151.87,195.1,257,EU,2024-07-31,GBP,48575.57,9544.979999999996,19.64975398127083,103.222051743294,-6.090000000000003,-3.1214761660686845,37.139999999999986,48575.57
2016,Radiator,Cooling,Toyota,Kia,192.05,157.16,195.95,396,EU,2024-07-31,GBP,76051.8,13816.44000000001,18.16714397292372,102.0307211663629,-3.8999999999999773,-1.9903036488900114,34.890000000000015,76051.8
2016,Radiator,Cooling,Hyundai,Nissan,213.53,155.43,229.51,304,UK,2024-07-31,GBP,64913.12,17662.4,27.20929143445886,107.4837259401489,-15.97999999999999,-6.962659579103303,58.099999999999994,64913.12
2016,Radiator,Cooling,Nissan,Hyundai,191.21,143.94,183.87,328,EU,2024-07-31,GBP,62716.88,15504.56,24.72151038125622,96.16128863553162,7.340000000000003,3.991950834828957,47.27000000000001,62716.880000000005
2016,Radiator,Cooling,Kia,Toyota,212.68,151.85,213.6,401,EU,2024-10-31,GBP,85284.68000000001,24392.83000000001,28.60165506864774,100.4325747602031,-0.9199999999999875,-0.43071161048688555,60.83000000000001,85284.68000000001
2016,Radiator,Cooling,Toyota,Kia,207.32,153.1,217.21,246,EU,2024-10-31,GBP,51000.72,13338.12,26.15280725448582,104.770403241366,-9.890000000000015,-4.553197366603754,54.22,51000.72
2016,Radiator,Cooling,Hyundai,Nissan,210.87,144.14,209.24,389,EU,2024-10-31,GBP,82028.43000000001,25957.97000000001,31.64508939156827,99.22701190306825,1.6299999999999955,0.7790097495698698,66.73000000000002,82028.43000000001
2016,Radiator,Cooling,Nissan,Hyundai,186.22,144.59,187.96,425,EU,2024-10-31,GBP,79143.5,17692.75,22.35527870260982,100.9343786918698,-1.740000000000009,-0.9257288784847889,41.629999999999995,79143.5
2016,Radiator,Cooling,Kia,Toyota,209.08,148.86,221.66,76,UK,2025-01-31,GBP,15890.08,4576.72,28.8023722976851,106.016835660991,-12.579999999999984,-5.6753586574032235,60.22,15890.080000000002
2016,Radiator,Cooling,Toyota,Kia,217.48,148.98,201.4,323,EU,2025-01-31,GBP,70246.04,22125.5,31.49714916314144,92.60621666360126,16.079999999999984,7.984111221449843,68.5,70246.04
2016,Radiator,Cooling,Hyundai,Nissan,215.13,144.16,199.84,143,EU,2025-01-31,GBP,30763.59,10148.71,32.98935527355552,92.89266954864502,15.289999999999992,7.65112089671737,70.97,30763.59
2016,Radiator,Cooling,Nissan,Hyundai,219.54,149.17,216.25,240,UK,2025-01-31,GBP,52689.6,16888.8,32.05338434909356,98.5014120433634,3.289999999999992,1.5213872832369906,70.37,52689.6
2016,Radiator,Cooling,Kia,Toyota,211.6,148.92,206.35,94,UK,2025-04-30,GBP,19890.4,5891.920000000001,29.62192816635161,97.51890359168242,5.25,2.544220983765447,62.68000000000001,19890.399999999998
2016,Radiator,Cooling,Toyota,Kia,192.58,146.53,179.97,354,UK,2025-04-30,GBP,68173.32,16301.7,23.9121404091806,93.45207186623739,12.610000000000014,7.00672334277936,46.05000000000001,68173.32
2016,Radiator,Cooling,Hyundai,Nissan,205.06,144.65,201.02,437,EU,2025-04-30,GBP,89611.22,26399.17,29.45967034038818,98.02984492343705,4.039999999999992,2.0097502736046122,60.41,89611.22
2016,Radiator,Cooling,Nissan,Hyundai,190.61,154.23,202.66,71,EU,2025-04-30,GBP,13533.31,2582.980000000002,19.08609202035571,106.3218089292272,-12.049999999999983,-5.9459192736603095,36.380000000000024,13533.310000000001
2016,Radiator,Cooling,Kia,Toyota,212.94,154.8,217.75,274,EU,2025-07-31,GBP,58345.56,15930.36,27.30346576500422,102.2588522588522,-4.810000000000002,-2.208955223880598,58.139999999999986,58345.56
2016,Radiator,Cooling,Toyota,Kia,203.21,149.96,199.01,54,EU,2025-07-31,GBP,10973.34,2875.5,26.20441907386448,97.93317258008956,4.200000000000017,2.1104467112205505,53.25,10973.34
2016,Radiator,Cooling,Hyundai,Nissan,199.21,148.5,205.65,331,UK,2025-07-31,GBP,65938.51000000001,16785.01,25.45554942020983,103.2327694392852,-6.439999999999998,-3.131534159980548,50.71000000000001,65938.51000000001
2016,Radiator,Cooling,Nissan,Hyundai,204.85,155.1,211.61,412,UK,2025-07-31,GBP,84398.2,20497.0,24.286062972907,103.2999755918965,-6.760000000000019,-3.194556022872274,49.75,84398.2
2016,Radiator,Cooling,Kia,Toyota,191.49,147.42,192.54,150,UK,2025-10-31,GBP,28723.5,6610.500000000004,23.01425661914461,100.5483315055616,-1.049999999999983,-0.5453412277968126,44.07000000000002,28723.5
2016,Radiator,Cooling,Toyota,Kia,217.1,146.56,237.36,362,EU,2025-10-31,GBP,78590.2,25535.48,32.49193919852602,109.3321050207278,-20.26000000000002,-8.53555780249411,70.53999999999999,78590.2
2016,Radiator,Cooling,Hyundai,Nissan,216.95,143.86,230.29,238,UK,2025-10-31,GBP,51634.1,17395.41999999999,33.68979027425673,106.1488822309288,-13.340000000000003,-5.792696165704114,73.08999999999997,51634.1
2016,Radiator,Cooling,Nissan,Hyundai,187.62,148.16,188.36,141,EU,2025-10-31,GBP,26454.42,5563.860000000001,21.03187293465516,100.3944142415521,-0.7400000000000091,-0.3928647271182889,39.46000000000001,26454.420000000002
2017,Water Pump,Cooling,Kia,Toyota,101.96,88.41,98.21,125,EU,2024-01-31,GBP,12745.0,1693.75,13.2895253040408,96.32208709297764,3.75,3.8183484370227068,13.549999999999997,12745.0
2017,Water Pump,Cooling,Toyota,Kia,105.45,86.25,97.48,481,UK,2024-01-31,GBP,50721.45,9235.2,18.2076813655761,92.44191559981034,7.969999999999999,8.176036109971275,19.200000000000003,50721.450000000004
2017,Water Pump,Cooling,Hyundai,Nissan,117.81,88.45,125.15,176,EU,2024-01-31,GBP,20734.56,5167.36,24.92148374501316,106.2303709362533,-7.340000000000003,-5.864962045545348,29.36,20734.56
2017,Water Pump,Cooling,Nissan,Hyundai,106.04,89.65,98.85,96,EU,2024-01-31,GBP,10179.84,1573.44,15.45643153526971,93.21953979630328,7.190000000000012,7.2736469398078025,16.39,10179.84
2017,Water Pump,Cooling,Kia,Toyota,107.38,85.32,115.18,467,EU,2024-04-30,GBP,50146.46,10302.02,20.54386291674428,107.2639225181598,-7.800000000000011,-6.772009029345381,22.060000000000002,50146.46
2017,Water Pump,Cooling,Toyota,Kia,118.88,86.79,113.36,270,EU,2024-04-30,GBP,32097.6,8664.299999999997,26.99360699865409,95.35666218034994,5.519999999999996,4.86944248412138,32.08999999999999,32097.6
2017,Water Pump,Cooling,Hyundai,Nissan,118.52,85.35,129.93,223,UK,2024-04-30,GBP,26429.96,7396.910000000001,27.9868376645292,109.6270671616605,-11.41000000000001,-8.7816516585854,33.17,26429.96
2017,Water Pump,Cooling,Nissan,Hyundai,115.98,85.12,116.24,379,EU,2024-04-30,GBP,43956.42,11695.94,26.60803586825314,100.2241765821693,-0.2599999999999909,-0.2236751548520225,30.86,43956.42
2017,Water Pump,Cooling,Kia,Toyota,113.32,89.3,123.1,431,EU,2024-07-31,GBP,48840.92,10352.62,21.19661136604306,108.6304271090716,-9.780000000000001,-7.944760357432982,24.019999999999996,48840.92
2017,Water Pump,Cooling,Toyota,Kia,117.04,89.61,122.59,348,UK,2024-07-31,GBP,40729.92000000001,9545.640000000003,23.43643198906357,104.741968557758,-5.549999999999997,-4.527286075536338,27.430000000000007,40729.920000000006
2017,Water Pump,Cooling,Hyundai,Nissan,101.88,82.14,94.51,274,EU,2024-07-31,GBP,27915.12,5408.759999999998,19.37573616018845,92.76599921476247,7.36999999999999,7.798116601417829,19.739999999999995,27915.12
2017,Water Pump,Cooling,Nissan,Hyundai,114.52,82.19,106.45,133,EU,2024-07-31,GBP,15231.16,4299.889999999999,28.23087670275935,92.95319594830598,8.069999999999993,7.581023954908401,32.33,15231.16
2017,Water Pump,Cooling,Kia,Toyota,105.7,88.03,96.83,481,UK,2024-10-31,GBP,50841.7,8499.27,16.71712393566698,91.60832544938505,8.870000000000005,9.160384178457095,17.67,50841.700000000004
2017,Water Pump,Cooling,Toyota,Kia,114.6,84.29,114.58,410,UK,2024-10-31,GBP,46986.0,12427.09999999999,26.44851657940662,99.9825479930192,0.01999999999999602,0.017455053237908906,30.309999999999988,46986.0
2017,Water Pump,Cooling,Hyundai,Nissan,106.84,84.89,100.08,192,UK,2024-10-31,GBP,20513.28,4214.400000000001,20.54473979782853,93.67278172968925,6.760000000000005,6.7545963229416515,21.950000000000003,20513.28
2017,Water Pump,Cooling,Nissan,Hyundai,98.65,89.02,93.23,348,UK,2024-10-31,GBP,34330.2,3351.240000000003,9.761784085149527,94.50582868727825,5.420000000000002,5.813579319961387,9.63000000000001,34330.200000000004
2017,Water Pump,Cooling,Kia,Toyota,100.31,81.61,98.67,451,UK,2025-01-31,GBP,45239.81,8433.7,18.64220915162995,98.36506828830625,1.6400000000000006,1.6621060099320975,18.700000000000003,45239.81
2017,Water Pump,Cooling,Toyota,Kia,111.58,84.23,111.2,173,UK,2025-01-31,GBP,19303.34,4731.549999999999,24.51156121168668,99.65943717512098,0.37999999999999545,0.3417266187050319,27.349999999999994,19303.34
2017,Water Pump,Cooling,Hyundai,Nissan,114.94,84.67,106.71,180,EU,2025-01-31,GBP,20689.2,5448.599999999999,26.33547938054637,92.83974247433443,8.230000000000004,7.71249180020617,30.269999999999996,20689.2
2017,Water Pump,Cooling,Nissan,Hyundai,98.03,85.94,93.72,397,EU,2025-01-31,GBP,38917.91,4799.730000000001,12.33295929817403,95.60338671835153,4.310000000000002,4.598804950917629,12.090000000000003,38917.91
2017,Water Pump,Cooling,Kia,Toyota,105.19,84.48,111.12,249,UK,2025-04-30,GBP,26192.31,5156.789999999998,19.68818328738473,105.6374180055138,-5.930000000000007,-5.336573074154074,20.709999999999994,26192.309999999998
2017,Water Pump,Cooling,Toyota,Kia,112.88,87.58,106.4,181,UK,2025-04-30,GBP,20431.28,4579.299999999999,22.41318214032601,94.25939050318924,6.47999999999999,6.090225563909764,25.299999999999997,20431.28
2017,Water Pump,Cooling,Hyundai,Nissan,115.39,89.53,114.49,452,UK,2025-04-30,GBP,52156.28,11688.72,22.41095415547274,99.2200363983014,0.9000000000000057,0.7860948554458954,25.86,52156.28
2017,Water Pump,Cooling,Nissan,Hyundai,104.64,81.77,96.23,135,EU,2025-04-30,GBP,14126.4,3087.450000000001,21.85588685015291,91.96292048929664,8.409999999999997,8.739478333160132,22.870000000000005,14126.4
2017,Water Pump,Cooling,Kia,Toyota,101.65,84.08,103.0,218,UK,2025-07-31,GBP,22159.7,3830.260000000002,17.28480078701427,101.3280865715691,-1.3499999999999943,-1.31067961165048,17.570000000000007,22159.7
2017,Water Pump,Cooling,Toyota,Kia,109.86,84.87,107.35,355,EU,2025-07-31,GBP,39000.3,8871.449999999999,22.74713271436373,97.7152739850719,2.510000000000005,2.338146250582213,24.989999999999995,39000.3
2017,Water Pump,Cooling,Hyundai,Nissan,117.36,85.23,114.33,340,EU,2025-07-31,GBP,39902.4,10924.2,27.37730061349693,97.41820040899796,3.030000000000001,2.6502230385725545,32.129999999999995,39902.4
2017,Water Pump,Cooling,Nissan,Hyundai,106.55,83.24,106.75,328,EU,2025-07-31,GBP,34948.4,7645.68,21.87705302674801,100.1877053026748,-0.20000000000000284,-0.18735362997658347,23.310000000000002,34948.4
2017,Water Pump,Cooling,Kia,Toyota,102.68,84.63,110.18,149,UK,2025-10-31,GBP,15299.32,2689.450000000002,17.57888585897936,107.304246201792,-7.5,-6.807043020511889,18.05000000000001,15299.320000000002
2017,Water Pump,Cooling,Toyota,Kia,112.7,83.83,110.8,486,UK,2025-10-31,GBP,54772.2,14030.82,25.61668145519078,98.31410825199644,1.9000000000000057,1.7148014440433266,28.870000000000005,54772.200000000004
2017,Water Pump,Cooling,Hyundai,Nissan,105.79,88.31,98.62,349,EU,2025-10-31,GBP,36920.71,6100.520000000001,16.52330087910011,93.22242177899612,7.170000000000002,7.270330561752182,17.480000000000004,36920.71
2017,Water Pump,Cooling,Nissan,Hyundai,115.25,82.91,108.65,59,UK,2025-10-31,GBP,6799.75,1908.06,28.06073752711497,94.27331887201736,6.599999999999994,6.074551311550846,32.34,6799.75
2018,Thermostat,Cooling,Kia,Toyota,47.03,39.47,42.77,325,UK,2024-01-31,GBP,15284.75,2457.000000000001,16.07484584307889,90.94195194556667,4.259999999999998,9.960252513443997,7.560000000000002,15284.75
2018,Thermostat,Cooling,Toyota,Kia,51.63,41.51,48.99,112,EU,2024-01-31,GBP,5782.56,1133.440000000001,19.60100716637615,94.88669378268449,2.6400000000000006,5.388854868340479,10.120000000000005,5782.56
2018,Thermostat,Cooling,Hyundai,Nissan,51.77,42.9,48.32,267,EU,2024-01-31,GBP,13822.59,2368.290000000001,17.13347498551285,93.33590882750627,3.450000000000003,7.1399006622516605,8.870000000000005,13822.59
2018,Thermostat,Cooling,Nissan,Hyundai,53.78,42.89,51.09,308,UK,2024-01-31,GBP,16564.24,3354.12,20.24916325771662,94.99814057270362,2.6899999999999977,5.2652182423174745,10.89,16564.24
2018,Thermostat,Cooling,Kia,Toyota,56.88,39.69,52.12,204,UK,2024-04-30,GBP,11603.52,3506.760000000001,30.22151898734178,91.63150492264415,4.760000000000005,9.132770529547209,17.190000000000005,11603.52
2018,Thermostat,Cooling,Toyota,Kia,51.36,41.59,49.18,416,EU,2024-04-30,GBP,21365.76,4064.319999999998,19.02258566978193,95.75545171339563,2.1799999999999997,4.432696217974786,9.769999999999996,21365.76
2018,Thermostat,Cooling,Hyundai,Nissan,48.63,42.6,45.54,205,UK,2024-04-30,GBP,9969.15,1236.15,12.39975323874152,93.64589759407772,3.0900000000000034,6.7852437417654885,6.030000000000001,9969.15
2018,Thermostat,Cooling,Nissan,Hyundai,56.81,41.62,61.25,340,EU,2024-04-30,GBP,19315.4,5164.600000000001,26.73825030804436,107.8155254356627,-4.439999999999998,-7.248979591836731,15.190000000000005,19315.4
2018,Thermostat,Cooling,Kia,Toyota,51.91,40.38,53.57,195,UK,2024-07-31,GBP,10122.45,2248.349999999999,22.21151993835483,103.1978424195724,-1.6600000000000037,-3.0987492999813395,11.529999999999994,10122.449999999999
2018,Thermostat,Cooling,Toyota,Kia,48.07,40.36,44.38,103,EU,2024-07-31,GBP,4951.21,794.1300000000001,16.03910963178698,92.32369461202413,3.6899999999999977,8.314556106354209,7.710000000000001,4951.21
2018,Thermostat,Cooling,Hyundai,Nissan,54.79,41.35,53.47,310,EU,2024-07-31,GBP,16984.9,4166.4,24.53002372695747,97.59080124110238,1.3200000000000003,2.468674022816533,13.439999999999998,16984.9
2018,Thermostat,Cooling,Nissan,Hyundai,46.81,41.0,48.58,415,EU,2024-07-31,GBP,19426.15,2411.150000000001,12.41187780388806,103.781243324076,-1.769999999999996,-3.64347468093865,5.810000000000002,19426.15
2018,Thermostat,Cooling,Kia,Toyota,50.55,41.26,51.47,161,UK,2024-10-31,GBP,8138.549999999999,1495.69,18.37784371909001,101.8199802176063,-0.9200000000000017,-1.7874489994171394,9.29,8138.549999999999
2018,Thermostat,Cooling,Toyota,Kia,55.68,40.18,61.09,73,UK,2024-10-31,GBP,4064.64,1131.5,27.83764367816092,109.7162356321839,-5.410000000000004,-8.855786544442632,15.5,4064.64
2018,Thermostat,Cooling,Hyundai,Nissan,55.85,39.49,58.1,79,UK,2024-10-31,GBP,4412.150000000001,1292.44,29.29274843330349,104.0286481647269,-2.25,-3.87263339070568,16.36,4412.150000000001
2018,Thermostat,Cooling,Nissan,Hyundai,54.8,41.91,58.95,183,EU,2024-10-31,GBP,10028.4,2358.87,23.52189781021898,107.5729927007299,-4.150000000000006,-7.039864291772697,12.89,10028.4
2018,Thermostat,Cooling,Kia,Toyota,51.87,42.24,50.52,360,UK,2025-01-31,GBP,18673.2,3466.799999999998,18.56564488143435,97.39733950260268,1.3499999999999943,2.6722090261282543,9.629999999999995,18673.2
2018,Thermostat,Cooling,Toyota,Kia,56.09,39.86,57.59,433,UK,2025-01-31,GBP,24286.97,7027.590000000002,28.93563915136388,102.6742734890355,-1.5,-2.604618857440528,16.230000000000004,24286.97
2018,Thermostat,Cooling,Hyundai,Nissan,53.98,40.57,56.11,347,UK,2025-01-31,GBP,18731.06,4653.269999999999,24.84253427195257,103.9459058910708,-2.1300000000000026,-3.7961147745499955,13.409999999999997,18731.059999999998
2018,Thermostat,Cooling,Nissan,Hyundai,48.92,41.86,51.62,97,UK,2025-01-31,GBP,4745.24,684.8200000000002,14.43172526573999,105.5192150449714,-2.6999999999999957,-5.230530802014715,7.060000000000002,4745.24
2018,Thermostat,Cooling,Kia,Toyota,56.54,40.43,60.05,103,EU,2025-04-30,GBP,5823.62,1659.33,28.49310222851079,106.20799434029,-3.509999999999998,-5.8451290591174,16.11,5823.62
2018,Thermostat,Cooling,Toyota,Kia,47.5,40.69,45.56,337,EU,2025-04-30,GBP,16007.5,2294.970000000001,14.33684210526316,95.91578947368421,1.9399999999999977,4.258121158911321,6.810000000000002,16007.5
2018,Thermostat,Cooling,Hyundai,Nissan,49.17,42.51,47.84,205,EU,2025-04-30,GBP,10079.85,1365.300000000001,13.54484441732765,97.29509863738052,1.3299999999999983,2.7801003344481567,6.660000000000004,10079.85
2018,Thermostat,Cooling,Nissan,Hyundai,51.12,42.68,51.32,63,EU,2025-04-30,GBP,3220.56,531.7199999999998,16.51017214397496,100.3912363067293,-0.20000000000000284,-0.38971161340608507,8.439999999999998,3220.56
2018,Thermostat,Cooling,Kia,Toyota,53.69,41.64,58.72,211,EU,2025-07-31,GBP,11328.59,2542.549999999999,22.44365803687837,109.3685975041907,-5.030000000000001,-8.56607629427793,12.049999999999997,11328.59
2018,Thermostat,Cooling,Toyota,Kia,54.8,41.26,51.64,192,UK,2025-07-31,GBP,10521.6,2599.68,24.70802919708029,94.23357664233578,3.1599999999999966,6.119287374128576,13.54,10521.599999999999
2018,Thermostat,Cooling,Hyundai,Nissan,49.43,40.93,51.36,109,UK,2025-07-31,GBP,5387.87,926.5,17.19603479668218,103.9045114303055,-1.9299999999999997,-3.757788161993769,8.5,5387.87
2018,Thermostat,Cooling,Nissan,Hyundai,53.76,42.48,58.13,181,EU,2025-07-31,GBP,9730.56,2041.68,20.98214285714286,108.1287202380953,-4.3700000000000045,-7.517632891794261,11.280000000000001,9730.56
2018,Thermostat,Cooling,Kia,Toyota,56.44,41.67,54.21,262,EU,2025-10-31,GBP,14787.28,3869.739999999999,26.16938341601701,96.04890148830617,2.229999999999997,4.113632171186122,14.769999999999996,14787.279999999999
2018,Thermostat,Cooling,Toyota,Kia,52.65,41.31,56.55,410,EU,2025-10-31,GBP,21586.5,4649.399999999999,21.53846153846153,107.4074074074074,-3.8999999999999986,-6.89655172413793,11.339999999999996,21586.5
2018,Thermostat,Cooling,Hyundai,Nissan,49.42,41.01,51.95,355,EU,2025-10-31,GBP,17544.1,2985.550000000001,17.0174018615945,105.1193848644274,-2.530000000000001,-4.870067372473534,8.410000000000004,17544.100000000002
2018,Thermostat,Cooling,Nissan,Hyundai,55.09,41.4,51.37,279,EU,2025-10-31,GBP,15370.11,3819.510000000001,24.85024505354874,93.2474133236522,3.720000000000006,7.241580689118174,13.690000000000005,15370.11
2019,Cooling Fan,Cooling,Kia,Toyota,150.75,116.56,135.85,211,EU,2024-01-31,GBP,31808.25,7214.089999999999,22.67993366500829,90.1160862354892,14.900000000000006,10.967979389032024,34.19,31808.25
2019,Cooling Fan,Cooling,Toyota,Kia,154.13,118.05,140.89,270,EU,2024-01-31,GBP,41615.1,9741.6,23.40881074417699,91.40984882891065,13.240000000000009,9.397402228689057,36.08,41615.1
2019,Cooling Fan,Cooling,Hyundai,Nissan,163.18,121.15,172.45,345,EU,2024-01-31,GBP,56297.10000000001,14500.35,25.75683294521388,105.6808432405932,-9.269999999999982,-5.375471151058267,42.03,56297.100000000006
2019,Cooling Fan,Cooling,Nissan,Hyundai,148.6,113.86,144.0,228,UK,2024-01-31,GBP,33880.8,7920.719999999998,23.37819650067295,96.90444145356662,4.599999999999994,3.1944444444444406,34.739999999999995,33880.799999999996
2019,Cooling Fan,Cooling,Kia,Toyota,151.71,122.33,164.28,457,EU,2024-04-30,GBP,69331.47,13426.66000000001,19.36589545844045,108.2855447894008,-12.569999999999993,-7.651570489408323,29.38000000000001,69331.47
2019,Cooling Fan,Cooling,Toyota,Kia,153.0,116.38,138.95,471,EU,2024-04-30,GBP,72063.0,17248.02,23.93464052287582,90.81699346405227,14.050000000000011,10.111550917596267,36.620000000000005,72063.0
2019,Cooling Fan,Cooling,Hyundai,Nissan,153.34,119.73,162.61,81,EU,2024-04-30,GBP,12420.54,2722.41,21.91861223425068,106.0453893308987,-9.27000000000001,-5.7007564110448365,33.61,12420.54
2019,Cooling Fan,Cooling,Nissan,Hyundai,150.47,116.45,155.45,280,UK,2024-04-30,GBP,42131.6,9525.599999999999,22.60915797168871,103.3096298265435,-4.97999999999999,-3.203602444515915,34.019999999999996,42131.6
2019,Cooling Fan,Cooling,Kia,Toyota,164.86,118.64,153.8,302,UK,2024-07-31,GBP,49787.72,13958.44,28.03590925633872,93.29127744753124,11.060000000000002,7.191157347204162,46.22000000000001,49787.72
2019,Cooling Fan,Cooling,Toyota,Kia,151.52,115.49,162.3,194,EU,2024-07-31,GBP,29394.88,6989.820000000003,23.77903907074974,107.1145723336853,-10.780000000000001,-6.642020948860136,36.030000000000015,29394.88
2019,Cooling Fan,Cooling,Hyundai,Nissan,163.24,111.96,149.23,176,EU,2024-07-31,GBP,28730.24,9025.280000000002,31.41386914971822,91.4175447194315,14.01000000000002,9.388192722642914,51.280000000000015,28730.24
2019,Cooling Fan,Cooling,Nissan,Hyundai,151.0,123.33,144.77,447,UK,2024-07-31,GBP,67497.0,12368.49,18.32450331125828,95.87417218543047,6.22999999999999,4.303377771637763,27.67,67497.0
2019,Cooling Fan,Cooling,Kia,Toyota,143.6,112.12,145.23,438,UK,2024-10-31,GBP,62896.8,13788.24,21.92200557103063,101.1350974930362,-1.6299999999999955,-1.122357639606139,31.47999999999999,62896.799999999996
2019,Cooling Fan,Cooling,Toyota,Kia,164.09,121.87,177.07,273,EU,2024-10-31,GBP,44796.57,11526.06,25.72978243646779,107.9102931318179,-12.97999999999999,-7.330434291523121,42.22,44796.57
2019,Cooling Fan,Cooling,Hyundai,Nissan,145.66,114.01,131.74,218,EU,2024-10-31,GBP,31753.88,6899.699999999998,21.72868323493065,90.44349855828642,13.919999999999987,10.566266889327453,31.64999999999999,31753.88
2019,Cooling Fan,Cooling,Nissan,Hyundai,162.52,119.88,149.6,360,EU,2024-10-31,GBP,58507.2,15350.40000000001,26.23677085897121,92.05020920502092,12.920000000000016,8.636363636363647,42.640000000000015,58507.200000000004
2019,Cooling Fan,Cooling,Kia,Toyota,137.9,121.29,127.41,281,UK,2025-01-31,GBP,38749.9,4667.41,12.0449601160261,92.39303843364756,10.490000000000009,8.23326269523586,16.61,38749.9
2019,Cooling Fan,Cooling,Toyota,Kia,158.31,122.92,160.03,402,UK,2025-01-31,GBP,63640.62,14226.78,22.35487334975681,101.0864759017118,-1.7199999999999989,-1.074798475285883,35.39,63640.62
2019,Cooling Fan,Cooling,Hyundai,Nissan,149.66,114.19,148.13,404,EU,2025-01-31,GBP,60462.64,14329.88,23.70038754510223,98.97768274756113,1.5300000000000011,1.0328765273746041,35.47,60462.64
2019,Cooling Fan,Cooling,Nissan,Hyundai,159.06,113.97,153.2,466,UK,2025-01-31,GBP,74121.96,21011.94,28.34779328555263,96.31585565195523,5.860000000000014,3.825065274151445,45.09,74121.96
2019,Cooling Fan,Cooling,Kia,Toyota,153.18,120.82,143.83,450,UK,2025-04-30,GBP,68931.0,14562.00000000001,21.12547329938635,93.8960699830265,9.349999999999994,6.5007300285058705,32.360000000000014,68931.0
2019,Cooling Fan,Cooling,Toyota,Kia,155.82,121.02,149.16,396,EU,2025-04-30,GBP,61704.71999999999,13780.8,22.33346168656141,95.72583750481326,6.659999999999997,4.465004022526144,34.8,61704.719999999994
2019,Cooling Fan,Cooling,Hyundai,Nissan,136.65,121.33,149.15,272,EU,2025-04-30,GBP,37168.8,4167.040000000002,11.21112330772046,109.1474570069521,-12.5,-8.380824673147838,15.320000000000007,37168.8
2019,Cooling Fan,Cooling,Nissan,Hyundai,145.72,117.05,152.96,393,EU,2025-04-30,GBP,57267.96,11267.31,19.67471863848477,104.9684326104859,-7.240000000000009,-4.733263598326365,28.67,57267.96
2019,Cooling Fan,Cooling,Kia,Toyota,146.33,119.32,152.44,168,UK,2025-07-31,GBP,24583.44,4537.680000000003,18.45827923187318,104.1754937470102,-6.109999999999985,-4.008134347940164,27.01000000000002,24583.440000000002
2019,Cooling Fan,Cooling,Toyota,Kia,152.43,113.04,150.69,415,UK,2025-07-31,GBP,63258.45,16346.85,25.8413698090927,98.85849242275143,1.740000000000009,1.1546884332072527,39.39,63258.450000000004
2019,Cooling Fan,Cooling,Hyundai,Nissan,147.4,116.96,151.92,162,UK,2025-07-31,GBP,23878.8,4931.280000000002,20.65128900949797,103.0664857530529,-4.519999999999982,-2.975250131648224,30.440000000000012,23878.8
2019,Cooling Fan,Cooling,Nissan,Hyundai,140.76,113.98,138.52,280,UK,2025-07-31,GBP,39412.8,7498.399999999996,19.02529127593065,98.408638817846,2.2399999999999807,1.6170950043314904,26.779999999999987,39412.799999999996
2019,Cooling Fan,Cooling,Kia,Toyota,159.46,120.29,157.97,201,UK,2025-10-31,GBP,32051.46,7873.17,24.56415401981688,99.06559638780885,1.490000000000009,0.9432170665316257,39.17,32051.460000000003
2019,Cooling Fan,Cooling,Toyota,Kia,138.78,111.73,146.37,368,UK,2025-10-31,GBP,51071.04,9954.4,19.49128116443291,105.4690877648076,-7.590000000000003,-5.185488829678215,27.049999999999997,51071.04
2019,Cooling Fan,Cooling,Hyundai,Nissan,138.25,118.22,141.02,382,UK,2025-10-31,GBP,52811.5,7651.46,14.48824593128391,102.003616636528,-2.7700000000000102,-1.9642603885973693,20.03,52811.5
2019,Cooling Fan,Cooling,Nissan,Hyundai,161.49,112.08,164.25,382,UK,2025-10-31,GBP,61689.18,18874.62,30.59632175366896,101.7090841538176,-2.759999999999991,-1.6803652968036473,49.41000000000001,61689.18
